2302 4000
492 345 531 408 71

90 519 125 579 Iu
137 520 238 580 siccam
251 522 380 580 terram?
403 537 453 578 cur
465 537 612 580 cessavere
624 537 762 600 perennes

87 627 223 709 Largiflui
236 627 340 701 fontes,
354 629 477 690 totiesve
490 647 585 692 usare
599 628 732 690 cadentes

87 735 188 809 Stella,
202 739 303 816 solque
316 739 403 798 rubro
415 737 557 798 velamine
570 738 696 818 contegit
709 739 827 798 orbern?

87 841 188 905 Nescio
201 865 288 924 quern
302 846 397 928 dirum
411 856 495 906 terrae
509 855 642 924 portenta
655 845 812 906 tumultun

87 950 281 1016 Funestahaec
295 965 466 1042 monstrant.
500 954 628 1012 Audin’!
649 973 783 1032 percussa
795 953 935 1036 fragorem

87 1059 143 1121 Dat
156 1075 232 1124 terra
245 1064 410 1124 insolitum:
432 1062 554 1142 pecudes
567 1060 675 1142 fugire,
690 1063 820 1124 volucres

89 1165 216 1230 Vitantes
230 1172 343 1250 pavidae
358 1171 487 1230 condunt
501 1190 531 1230 se
544 1171 667 1229 vallibus
680 1170 755 1230 imis.

88 1273 212 1338 Territus
226 1290 258 1338 et
271 1290 386 1357 pontus,
401 1280 485 1339 solito
499 1278 631 1355 delapsus
644 1280 680 1336 ab
693 1277 786 1349 alveo,

88 1379 244 1445 Pinniferos
258 1387 349 1464 pisces
364 1387 394 1445 in
408 1387 486 1447 nudi
500 1385 713 1465 linquitarend.

19 1469 22 1478 '
87 1485 237 1551 Percussus
251 1493 467 1565 subintus-um,
481 1493 548 1554 rein
561 1503 638 1552 terra
651 1493 790 1552 animi:

87 1591 260 1666 Quassantes
272 1611 378 1660 nutant
391 1611 515 1672 montes,
535 1619 587 1660 ceu
600 1601 683 1659 navis
697 1601 727 1660 in
741 1601 832 1658 altum
888 1617 891 1626 ’

87 1699 207 1767 Turbine
223 1709 306 1786 pulsa
319 1707 390 1780 sero,
404 1727 469 1786 quse
482 1727 558 1767 nunc
573 1707 773 1785 spumantibus
785 1705 871 1764 undis

87 1807 219 1886 iactatur,
236 1816 354 1876 tandem
368 1818 515 1876 submerso
529 1816 560 1873 in
573 1815 681 1874 murice
694 1811 784 1872 fracta

87 1917 173 1994 Cedit,
188 1924 335 1984 divulsam
350 1924 465 2002 rapidus
480 1933 564 1982 vorat
577 1941 691 2001 aequore
703 1932 814 1980 vortex.

87 2021 170 2088 Haud
185 2032 271 2092 aliter
283 2043 407 2103 montes,
422 2033 498 2092 vulsi
511 2034 547 2091 ab
560 2031 701 2091 radicibus
715 2030 791 2100 imis,

86 2131 216 2198 Crimina
231 2139 378 2220 dispiciunt
391 2141 569 2222 volvuntque
582 2140 613 2199 in
626 2140 701 2201 valle
714 2135 864 2219 profundi.

87 2237 263 2326 Quacunque
276 2249 404 2329 aspicias,
418 2251 460 2310 nil
473 2261 518 2312 est
532 2250 588 2309 nisi
601 2249 664 2308 dira
677 2247 767 2308 nona

87 2343 162 2412 Hinc
174 2355 258 2415 labor
270 2375 412 2417 annorum
425 2359 565 2431 obruitur,
579 2358 684 2437 palatia
695 2353 805 2436 regum,

85 2452 202 2541 Templa
212 2467 334 2544 superba
343 2466 452 2538 Dedrn,
458 2476 702 2542 monumentaque
712 2464 787 2522 celsa
796 2461 936 2530 virorum,

86 2561 281 2634 Procumbunt
294 2575 409 2634 sonitu:
433 2574 511 2644 hinc,
524 2579 633 2644 contra,
646 2571 768 2650 magalia
781 2588 870 2649 parva

88 2670 120 2732 ln
135 2691 240 2744 terram
255 2684 363 2757 sidunt,
378 2682 505 2764 zephyro
519 2702 570 2743 ceu
584 2683 666 2761 gleba
679 2679 835 2738 resolvens.

126 2898 200 2964 Sunt
214 2905 296 2984 parvi
310 2904 340 2966 bi
355 2925 456 2978 casusg
476 2923 544 2964 nam
559 2899 664 2982 saepids
678 2901 782 2982 oppida
794 2911 856 2963 tota

88 2999 195 3070 Condit
208 3010 289 3070 hiatu
303 3012 398 3083 tellus,
411 3023 615 3091 momentoque
627 3009 721 3092 fugaci

87 3109 182 3179 Urbes
195 3134 281 3202 atque
293 3123 425 3182 homines
439 3135 521 3183 utero
533 3123 706 3182 clauduntur
724 3141 819 3182 avaro.

87 3222 203 3292 Audeat
216 3234 292 3294 unde
306 3254 374 3315 ergo
387 3233 492 3294 misero
505 3252 618 3312 sperare
631 3234 753 3293 salutem

89 3327 242 3419 Ltrpsuque
255 3342 399 3404 horrendo
413 3341 565 3402 mortalis?
587 3341 759 3416 Monb'bus?
781 3339 822 3400 illi

92 3438 164 3506 Sunt
177 3472 278 3532 campo
291 3454 396 3532 aequati
407 3475 416 3524 ;
439 3453 578 3530 Campis?
601 3453 640 3512 ibi
654 3465 731 3512 terra
744 3450 864 3511 dehiscit
