2344 3996
400 635 615 702 KALENDAE
635 633 870 698 JANUARIAE.

282 840 347 888 Jane
357 835 452 898 biceps!
470 835 536 884 anni
546 833 622 882 tacite*
632 827 737 878 labentis
748 828 822 890 origo.
955 825 1008 872 Ov.

633 1063 658 1123 Ι.

219 1200 277 1288 M
279 1202 408 1289 :asnis
421 1227 528 1288 exectis
541 1245 663 1306 magnus
676 1244 753 1284 nunc
766 1224 866 1303 effugit
879 1241 983 1291 annus,

259 1335 301 1396 Et
312 1335 381 1396 nive
391 1333 554 1413 splendenti
565 1351 652 1393 ‘mane
665 1335 790 1411 repletur
802 1332 918 1390 humus.

219 1440 329 1504 Felices
342 1442 440 1522 populi
453 1461 530 1500 nunc
543 1443 711 1502 concurrem
724 1439 896 1518 frequentes,

260 1553 317 1612 Per
330 1553 438 1631 plateas
451 1552 526 1610 risus
539 1551 703 1627 laetitiaeque
717 1568 815 1607 sonus.

220 1662 281 1724 Hic
294 1681 372 1721 nunc
384 1660 531 1732 accedens,
545 1659 663 1718 adeunti
676 1657 792 1716 cuilibet
808 1658 913 1725 obstat,

261 1769 361 1847 Inquit
373 1779 413 1840 et,
428 1776 449 1806 “
463 1767 530 1827 Hoc
543 1787 619 1826 anno
632 1767 671 1824 sit
684 1764 818 1826 veniente
831 1761 915 1832 frui,’'

218 1877 461 1956 Conjunguntque
475 1895 578 1934 manus
593 1874 726 1944 dexttss3
742 1875 805 1951 jam
818 1889 893 1948 scepe
908 1868 1050 1946 placentae
1156 1899 1157 1902 η

259 1982 409 2052 Libendae,
423 1993 454 2041 et
466 1982 531 2042 υἱέα
544 2001 664 2040 munera
677 1981 783 2038 dantur
796 1995 885 2056 cqcoe.

220 2089 333 2168 Butyro
347 2090 394 2148 hic
407 2101 503 2166 portat
516 2091 644 2149 solennia
657 2090 715 2147 liba
728 2087 842 2159 referta,

260 2191 323 2258 Nec
338 2199 447 2277 collyrs
460 2200 525 2258 uvis
539 2199 666 2276 undique
679 2199 764 2277 plena
778 2200 867 2260 deest.

221 2305 334 2366 Omnes
348 2306 487 2375 exultant,
501 2304 586 2364 facies
600 2325 653 2364 nec
666 2318 767 2376 maests
780 2307 915 2376 videtur,-

259 2414 280 2476 J
281 2425 401 2474 unctura
415 2424 445 2474 et
458 2414 567 2474 dextrae
581 2415 684 2492 saepius
698 2425 761 2472 acta
774 2415 887 2474 mantis.

221 2525 296 2602 Quis
310 2547 370 2586 non
383 2526 467 2586 loetus
480 2527 536 2587 erit
548 2545 614 2586 cum
628 2537 738 2606 spectet
750 2527 855 2605 gaudis
868 2535 957 2594 tanta,
1024 2501 1028 2510 ⁵

261 2634 337 2692 Cum
350 2644 439 2693 tsntae
453 2636 545 2694 turbae
558 2634 652 2694 sidera
665 2635 739 2692 risus
753 2633 834 2692 adit?

221 2741 264 2802 At
278 2753 346 2801 sunt
360 2745 409 2820 qui
423 2743 496 2802 male
510 2742 584 2802 facta
597 2742 696 2801 dolent
708 2761 785 2800 nunc
798 2740 935 2818 temporis
948 2741 1006 2797 acti
1020 2765 1028 2799 :

262 2848 309 2908 Sic
323 2850 413 2920 siunt,
428 2850 518 2908 donec
532 2851 643 2910 circiter
657 2851 750 2910 omnis
765 2861 851 2909 ovat:

223 2962 244 2991 “
257 2954 286 3015 Ο
300 2955 372 3014 mihi
386 2951 543 3032 perfectum
556 2957 658 3016 reddat
671 2959 695 3016 si
709 2957 824 3036 Jupiter
837 2975 954 3025 annum,

262 3071 283 3100 “
297 3062 337 3121 Et
351 3061 531 3140 1·eteratquae
540 3067 604 3144 jam
617 3066 779 3143 praeterisre
794 3065 872 3124 dies!

221 3178 242 3212 “
257 3167 407 3246 Quanttlm
421 3171 579 3230 exultarem
592 3172 661 3232 felix
673 3193 726 3252 ego
739 3173 824 3232 corde
837 3173 970 3243 micante,

259 3286 280 3359 ‘.‘
293 3277 386 3358 Culpa
398 3297 463 3338 cum
477 3291 573 3356 posset
586 3299 669 3341 mens
682 3281 806 3344 caruisse
820 3300 892 3342 mea.
