2302 4000
470 387 536 456 'te

93 555 156 628 Est,
172 557 221 636 qui
232 555 254 593 ⁴*
264 565 492 620 commemorans
505 556 599 619 eutis
609 565 693 653 geste
702 567 825 637 perunte
885 613 887 618 ,
928 582 934 614 r

92 665 309 744 Priscorumque
323 677 438 746 petrum
448 685 556 737 mores,
572 677 602 726 et
615 677 745 744 tempore
758 667 859 746 prisce,

89 771 227 840 Obtinuit
242 793 348 834 nomen
362 776 507 835 victurum
520 777 551 834 in
564 776 743 836 secularem.

86 881 223 942 Crimine
236 903 289 944 nec
302 895 402 944 nostro
416 885 518 944 meriti
532 884 593 946 tui
607 884 691 944 leude
703 883 821 954 carebis,

91 988 148 1064 Qui
162 991 255 1069 Spem
265 993 412 1052 merentis
425 994 554 1053 cecinisti
567 994 673 1053 mentis
687 993 843 1062 alumnam,

91 1095 190 1162 Undas
205 1099 333 1169 sublimi,
348 1119 435 1170 nunc,
450 1103 599 1179 majestate
613 1098 736 1178 peralta
752 1111 755 1115 '

90 1183 163 1263 Saia
175 1225 264 1265 ruens
278 1207 401 1284 rapidas,
416 1220 554 1267 montano
568 1207 677 1266 vortice
691 1217 813 1276 torrens,

90 1309 234 1372 Omnibus
248 1314 388 1386 attonitis,
404 1316 549 1392 querulus,
563 1335 651 1385 nunc,
664 1332 812 1373 murmure
824 1311 904 1372 rivus

86 1415 167 1480 lene
180 1423 344 1480 susurranti
357 1443 408 1500 per
420 1423 518 1482 mollia
528 1433 613 1502 prata
626 1423 764 1482 relabens·

90 1527 151 1589 Osi
165 1550 233 1610 pers
247 1530 336 1592 animi
348 1532 429 1603 mihi,
445 1533 518 1591 sicut
532 1533 669 1603 nominis,
683 1542 770 1604 esset,

90 1635 216 1700 Scribere
231 1638 319 1717 dignu
331 1639 416 1698 cedre
431 1657 574 1716 sperarem
587 1639 716 1698 carmina
732 1657 816 1716 posse
825 1640 837 1698 r!

126 1854 205 1916 Ante
221 1855 319 1916 oculos
333 1857 421 1936 igitur
435 1855 497 1915 haec
510 1855 685 1934 exemplaria
698 1875 818 1934 ponens,

88 1958 166 2033 Quid
179 1962 264 2022 decet
277 1973 311 2024 ut
322 1962 436 2036 fecium,
449 1965 538 2024 tantis
552 1965 708 2044 majoribus
722 1965 823 2022 ortus?

90 2066 120 2126 Si
132 2070 205 2129 mibi
216 2089 276 2129 non
290 2071 375 2132 datur
388 2071 504 2132 iliorum
518 2073 683 2152 contingere
696 2069 813 2140 samam,
915 2107 917 2112 -
939 2081 941 2086 '

87 2176 339 2259 Conspicuumque
352 2181 447 2242 locum
460 2184 610 2260 preclaros
624 2179 835 2242 interbibere:

90 2284 219 2349 Efficiam
234 2290 311 2366 quod
324 2303 424 2368 potero
438 2292 476 2352 ud
488 2291 531 2352 fus
545 2303 575 2352 et
581 2295 652 2372 jura
664 2288 805 2350 tuendum

88 2395 233 2460 inviolate
245 2411 372 2479 petrum,
386 2403 519 2462 tellurem
533 2404 691 2481 opibusque
699 2397 868 2480 jurandum
938 2447 940 2452 .

88 2505 223 2571 Natalem
237 2513 354 2582 nostris,
369 2513 394 2571 si
407 2511 481 2572 forte
495 2514 534 2571 sit
547 2512 646 2589 indige
658 2510 761 2570 nostri.

87 2615 246 2678 Servitium
257 2618 383 2696 quodum
397 2619 422 2678 si
436 2639 513 2690 casu,
528 2630 657 2696 ternpore
671 2616 753 2686 duro,

89 2725 254 2800 Immineat,
269 2729 407 2788 minitans
415 2731 488 2808 juga
501 2748 579 2788 saeve
592 2739 621 2787 et
634 2727 730 2786 vincla
743 2725 874 2798 nefanda,

89 2837 157 2898 Non
171 2851 300 2900 metrum
314 2851 448 2909 mortem,
462 2859 522 2898 non
535 2838 594 2898 ulla
607 2839 712 2916 pericla
725 2857 863 2908 recusem,

89 2944 228 3025 ignavus,
242 2946 374 3016 timidus,
388 2947 490 3025 turpis,
505 2947 607 3017 malus,
623 2947 775 3006 immernor
787 2946 890 3006 horum
935 2991 941 3000 .

81 3054 255 3138 i’uguantes
269 3059 361 3139 patrib
376 3077 448 3136 quos
461 3077 521 3117 non
533 3057 668 3118 cecidisse
681 3059 796 3138 pigebat

203 3311 210 3320 ·
287 3297 399 3348 escort.
564 3295 730 3362 scampben.
