2344 3996
598 335 637 389 10

595 587 636 648 11.

188 801 305 899 Fuorr
318 845 395 886 nunc
408 836 503 898 aestas,
516 823 651 905 fugerunt
664 836 794 906 tempora
806 827 881 902 lata,
976 894 978 904 ¹

226 940 315 1020 Fugit
330 950 360 998 et
373 939 551 1008 Autumnus,
565 935 748 1016 frugiferique
761 939 847 998 dies.-

185 1047 319 1125 Amplius
333 1045 410 1103 haud
425 1054 539 1103 resonat
553 1044 669 1103 sinuosa
683 1044 779 1104 fistula
791 1047 876 1118 valle,
975 1057 978 1064 '

225 1156 287 1215 Nec
301 1154 420 1232 pedibus
434 1153 508 1210 latis
522 1152 621 1210 tundit
633 1154 752 1231 agrestis
766 1154 904 1214 humum:

139 1253 148 1268 '
185 1264 321 1341 Amplius
335 1261 412 1318 haud
426 1271 532 1337 pastor,
551 1267 571 1295 “
584 1262 721 1320 recubans
736 1264 789 1320 sub
802 1263 928 1342 tegmine
940 1260 1028 1343 fagi,¹'

225 1369 357 1429 Silvestri
371 1379 483 1427 teneras
496 1369 623 1427 carmine
636 1369 743 1428 mulcet
756 1389 824 1428 oves
835 1392 846 1441 ;

184 1479 247 1538 Nec
260 1477 367 1536 virides
380 1477 453 1535 laetis
467 1475 625 1535 flavescunt
637 1477 778 1535 messibus
792 1479 862 1556 agri,

224 1587 286 1646 Nec
299 1586 422 1644 madidis
437 1571 525 1663 pratis
539 1585 626 1645 florea
640 1597 715 1645 serta
729 1587 832 1645 nitent.

184 1696 337 1758 Inversum
352 1715 445 1754 saevus
459 1695 580 1754 foedavit
593 1695 737 1773 Aquarius
751 1715 869 1769 annum,

223 1805 263 1865 Et
277 1806 378 1865 cecidit
391 1806 476 1884 largis
491 1806 596 1865 aethere
609 1807 725 1865 nimbus
739 1807 829 1883 aquis.

182 1914 305 1992 Jamque
320 1933 406 1972 ruens
420 1915 486 1972 altis
499 1914 629 1973 tumidus
644 1914 680 1973 de
694 1915 841 1974 montibus
855 1916 949 1974 amnis

221 2021 366 2092 Volvitur,
382 2033 411 2080 ct
425 2023 519 2100 signat
533 2023 595 2080 dira
609 2024 692 2080 ruina
706 2023 803 2093 viam;

181 2132 293 2191 Pronus
306 2131 336 2187 in
351 2123 419 2188 arva
433 2132 522 2202 venit,
535 2128 597 2188 non
610 2132 722 2189 clausus
736 2131 841 2192 finibus
855 2133 931 2203 ullu,

222 2240 328 2298 Ramos
342 2251 371 2298 et
384 2240 492 2317 lapidas
507 2225 632 2316 saxaque
644 2253 729 2318 rupta
741 2241 866 2302 trahens.

181 2350 267 2407 Nunc
280 2349 373 2408 etiam
382 2349 449 2430 caeli⁴
457 2358 612 2426 tempestas
627 2369 727 2427 aspera
740 2352 833 2422 saevit,

220 2456 368 2526 Devastut,
376 2467 476 2526 terras,
491 2477 606 2534 aequora
619 2477 724 2536 magna
737 2460 803 2517 ruit.
857 2499 858 2503 κ
961 2521 968 2534 ,

181 2547 298 2624 Oceano
312 2564 427 2642 rapidus
441 2576 573 2643 properat
586 2585 617 2624 se
631 2566 752 2626 condere
768 2565 916 2638 Phoebus,·

132 2733 137 2742 ,
221 2671 261 2730 Et
274 2672 385 2751 gelidus
399 2672 504 2732 Boreas
518 2679 584 2732 aira
597 2675 689 2734 noctis
703 2674 797 2734 habet.

179 2780 281 2837 Ardua
294 2780 420 2838 deciduis
434 2781 571 2840 viduatur
583 2780 732 2840 frondibus
746 2785 839 2852 arbor,

219 2886 259 2944 Et
273 2897 385 2945 montes
399 2889 488 2945 vestit
500 2887 603 2966 frigida
617 2887 725 2948 Bruma
738 2891 814 2950 nive.

178 2995 278 3056 Effusi
293 2995 393 3052 molles
407 3007 548 3054 vexantur
561 2998 700 3074 grandine
713 3000 798 3068 vites,

218 3104 305 3163 Pulsa
318 3103 377 3161 fero
391 3116 479 3162 vento
493 3105 577 3182 pinus
591 3118 674 3165 acuta
687 3107 771 3165 cadit.

179 3213 313 3272 Induitur
326 3211 412 3270 niveo
427 3232 532 3272 canens
545 3214 686 3273 velamine
700 3213 794 3283 tellus,

196 3373 199 3382 .
217 3319 424 3448 Durantupquc
438 3320 519 3402 pigro
533 3319 652 3382 flumina
665 3321 762 3385 stricta
776 3320 850 3402 gelu.
