<?xml version="1.0" encoding="UTF-8"?>
<!DOCTYPE html PUBLIC "-//W3C//DTD XHTML 1.0 Transitional//EN"
    "http://www.w3.org/TR/xhtml1/DTD/xhtml1-transitional.dtd">
<html xmlns="http://www.w3.org/1999/xhtml" xml:lang="en" lang="en">
 <head>
  <title>
</title>
<meta http-equiv="Content-Type" content="text/html;charset=utf-8" />
  <meta name='ocr-system' content='tesseract 3.04.00' />
  <meta name='ocr-capabilities' content='ocr_page ocr_carea ocr_par ocr_line ocrx_word'/>
</head>
<body>
  <div class='ocr_page' id='page_1' title='image "./extentaminibusm00schgoog_0117.png"; bbox 0 0 2302 4000; ppageno 0'>
   <div class='ocr_carea' id='block_1_1' title="bbox 615 393 658 452">
    <p class='ocr_par' dir='ltr' id='par_1_1' title="bbox 615 393 658 452">
     <span class='ocr_line' id='line_1_1' title="bbox 615 393 658 452; baseline -0.047 0"><span class='ocrx_word' id='word_1_1' title='bbox 615 393 658 452; x_wconf 89' lang='grc'><strong>90</strong></span> 
     </span>
    </p>
   </div>
   <div class='ocr_carea' id='block_1_2' title="bbox 210 560 982 1076">
    <p class='ocr_par' dir='ltr' id='par_1_2' title="bbox 215 560 903 634">
     <span class='ocr_line' id='line_1_2' title="bbox 215 560 903 634; baseline -0.003 -10"><span class='ocrx_word' id='word_1_2' title='bbox 215 561 360 624; x_wconf 84' lang='lat' dir='ltr'><strong>Omnibds</strong></span> <span class='ocrx_word' id='word_1_3' title='bbox 373 563 404 620; x_wconf 89' lang='lat' dir='ltr'><strong>in</strong></span> <span class='ocrx_word' id='word_1_4' title='bbox 418 561 510 634; x_wconf 75' lang='lat' dir='ltr'><strong>sedis,</strong></span> <span class='ocrx_word' id='word_1_5' title='bbox 524 560 645 621; x_wconf 79' lang='lat' dir='ltr'><strong>beroem</strong></span> <span class='ocrx_word' id='word_1_6' title='bbox 659 561 787 621; x_wconf 65' lang='lat' dir='ltr'><strong>mutuis</strong></span> <span class='ocrx_word' id='word_1_7' title='bbox 798 560 903 622; x_wconf 69' lang='lat' dir='ltr'><strong>eorde!</strong></span> 
     </span>
    </p>

    <p class='ocr_par' dir='ltr' id='par_1_3' title="bbox 210 669 982 966">
     <span class='ocr_line' id='line_1_3' title="bbox 212 669 927 749; baseline 0.003 -19"><span class='ocrx_word' id='word_1_8' title='bbox 212 669 271 730; x_wconf 87' lang='lat' dir='ltr'><strong>Sed</strong></span> <span class='ocrx_word' id='word_1_9' title='bbox 284 670 487 749; x_wconf 63' lang='lat' dir='ltr'><strong>pudebitne</strong></span> <span class='ocrx_word' id='word_1_10' title='bbox 500 672 618 742; x_wconf 80' lang='lat' dir='ltr'><strong>enimet,</strong></span> <span class='ocrx_word' id='word_1_11' title='bbox 632 669 684 730; x_wconf 88' lang='lat' dir='ltr'><strong>sed</strong></span> <span class='ocrx_word' id='word_1_12' title='bbox 698 669 789 730; x_wconf 78' lang='lat' dir='ltr'><strong>duleis</strong></span> <span class='ocrx_word' id='word_1_13' title='bbox 801 687 927 732; x_wconf 70' lang='lat' dir='ltr'><strong>amoene</strong></span> 
     </span>
     <span class='ocr_line' id='line_1_4' title="bbox 210 776 982 855; baseline 0.001 -18"><span class='ocrx_word' id='word_1_14' title='bbox 210 776 366 838; x_wconf 79' lang='lat' dir='ltr'><strong>Libertatis</strong></span> <span class='ocrx_word' id='word_1_15' title='bbox 380 793 461 836; x_wconf 81' lang='lat' dir='ltr'><strong>ambr</strong></span> <span class='ocrx_word' id='word_1_16' title='bbox 467 797 478 848; x_wconf 89' lang='lat'>;</span> <span class='ocrx_word' id='word_1_17' title='bbox 499 779 676 855; x_wconf 75' lang='lat' dir='ltr'><strong>sebeemque</strong></span> <span class='ocrx_word' id='word_1_18' title='bbox 686 787 738 837; x_wconf 75' lang='lat' dir='ltr'><strong>eet</strong></span> <span class='ocrx_word' id='word_1_19' title='bbox 750 777 846 837; x_wconf 85' lang='lat' dir='ltr'><strong>nobibe</strong></span> <span class='ocrx_word' id='word_1_20' title='bbox 859 777 982 848; x_wconf 83' lang='lat' dir='ltr'><strong>lethum,</strong></span> 
     </span>
     <span class='ocr_line' id='line_1_5' title="bbox 210 885 894 966; baseline 0.003 -22"><span class='ocrx_word' id='word_1_21' title='bbox 210 885 325 946; x_wconf 75' lang='lat' dir='ltr'><strong>Nobilis</strong></span> <span class='ocrx_word' id='word_1_22' title='bbox 338 895 389 945; x_wconf 76' lang='lat' dir='ltr'><strong>tut</strong></span> <span class='ocrx_word' id='word_1_23' title='bbox 401 886 510 959; x_wconf 77' lang='lat' dir='ltr'><strong>vivam,</strong></span> <span class='ocrx_word' id='word_1_24' title='bbox 524 887 621 966; x_wconf 77' lang='lat' dir='ltr'><strong>legum</strong></span> <span class='ocrx_word' id='word_1_25' title='bbox 634 886 726 946; x_wconf 75' lang='lat' dir='ltr'><strong>tutela</strong></span> <span class='ocrx_word' id='word_1_26' title='bbox 739 903 894 958; x_wconf 62' lang='lat' dir='ltr'><strong>summm,</strong></span> 
     </span>
    </p>

    <p class='ocr_par' dir='ltr' id='par_1_4' title="bbox 211 992 901 1076">
     <span class='ocr_line' id='line_1_6' title="bbox 211 992 901 1076; baseline 0.001 -24"><span class='ocrx_word' id='word_1_27' title='bbox 211 992 273 1055; x_wconf 88' lang='lat' dir='ltr'><strong>Nec</strong></span> <span class='ocrx_word' id='word_1_28' title='bbox 286 993 358 1054; x_wconf 90' lang='lat' dir='ltr'><strong>mibi</strong></span> <span class='ocrx_word' id='word_1_29' title='bbox 372 993 503 1055; x_wconf 77' lang='lat' dir='ltr'>dedecori</span> <span class='ocrx_word' id='word_1_30' title='bbox 517 1004 647 1055; x_wconf 74' lang='lat' dir='ltr'><strong>vertatur</strong></span> <span class='ocrx_word' id='word_1_31' title='bbox 659 1011 767 1076; x_wconf 81' lang='lat' dir='ltr'><strong>nemen</strong></span> <span class='ocrx_word' id='word_1_32' title='bbox 779 995 901 1054; x_wconf 78' lang='lat' dir='ltr'><strong>avitum.</strong></span> 
     </span>
    </p>
   </div>
   <div class='ocr_carea' id='block_1_3' title="bbox 774 1129 1022 1194">
    <p class='ocr_par' dir='ltr' id='par_1_5' title="bbox 774 1129 1022 1194">
     <span class='ocr_line' id='line_1_7' title="bbox 774 1129 1022 1194; baseline 0.008 -2"><span class='ocrx_word' id='word_1_33' title='bbox 774 1129 823 1192; x_wconf 84' lang='lat' dir='ltr'><strong>Jo.</strong></span> <span class='ocrx_word' id='word_1_34' title='bbox 838 1129 1022 1194; x_wconf 72' lang='lat' dir='ltr'><strong>Ciueeett.</strong></span> 
     </span>
    </p>
   </div>
   <div class='ocr_carea' id='block_1_4' title="bbox 609 1422 652 1490">
    <p class='ocr_par' dir='ltr' id='par_1_6' title="bbox 609 1422 652 1490">
     <span class='ocr_line' id='line_1_8' title="bbox 609 1422 652 1490; baseline 0 -4"><span class='ocrx_word' id='word_1_35' title='bbox 609 1422 652 1490; x_wconf 88' lang='lat'><strong>11.</strong></span> 
     </span>
    </p>
   </div>
   <div class='ocr_carea' id='block_1_5' title="bbox 203 1613 985 2590">
    <p class='ocr_par' dir='ltr' id='par_1_7' title="bbox 204 1613 954 2260">
     <span class='ocr_line' id='line_1_9' title="bbox 206 1613 953 1720; baseline -0.003 -18"><span class='ocrx_word' id='word_1_36' title='bbox 206 1613 367 1703; x_wconf 68' lang='lat' dir='ltr'><strong>Venetis</strong></span> <span class='ocrx_word' id='word_1_37' title='bbox 381 1641 519 1701; x_wconf 82' lang='lat' dir='ltr'><strong>Ausoniis</strong></span> <span class='ocrx_word' id='word_1_38' title='bbox 534 1641 701 1720; x_wconf 80' lang='lat' dir='ltr'><strong>Danaisque</strong></span> <span class='ocrx_word' id='word_1_39' title='bbox 714 1641 809 1700; x_wconf 80' lang='lat' dir='ltr'><strong>vaiete</strong></span> <span class='ocrx_word' id='word_1_40' title='bbox 821 1638 953 1700; x_wconf 77' lang='lat' dir='ltr'><strong>faventes</strong></span> 
     </span>
     <span class='ocr_line' id='line_1_10' title="bbox 207 1748 954 1829; baseline -0.003 -21"><span class='ocrx_word' id='word_1_41' title='bbox 207 1749 304 1810; x_wconf 82' lang='lat' dir='ltr'><strong>Musoe</strong></span> <span class='ocrx_word' id='word_1_42' title='bbox 318 1749 397 1821; x_wconf 87' lang='lat' dir='ltr'><strong>olim,</strong></span> <span class='ocrx_word' id='word_1_43' title='bbox 411 1761 526 1829; x_wconf 85' lang='lat' dir='ltr'><strong>myrtus</strong></span> <span class='ocrx_word' id='word_1_44' title='bbox 540 1748 663 1809; x_wconf 80' lang='lat' dir='ltr'><strong>laudetis</strong></span> <span class='ocrx_word' id='word_1_45' title='bbox 678 1749 820 1808; x_wconf 88' lang='lat' dir='ltr'><strong>olentibus</strong></span> <span class='ocrx_word' id='word_1_46' title='bbox 833 1748 954 1819; x_wconf 85' lang='lat' dir='ltr'><strong>umbris,</strong></span> 
     </span>
     <span class='ocr_line' id='line_1_11' title="bbox 205 1857 874 1936; baseline -0.003 -19"><span class='ocrx_word' id='word_1_47' title='bbox 205 1857 247 1918; x_wconf 87' lang='lat' dir='ltr'><strong>Et</strong></span> <span class='ocrx_word' id='word_1_48' title='bbox 260 1857 347 1917; x_wconf 81' lang='lat' dir='ltr'><strong>viridi</strong></span> <span class='ocrx_word' id='word_1_49' title='bbox 360 1868 455 1918; x_wconf 77' lang='lat' dir='ltr'><strong>coetos</strong></span> <span class='ocrx_word' id='word_1_50' title='bbox 469 1857 627 1936; x_wconf 73' lang='lat' dir='ltr'>pendentes</span> <span class='ocrx_word' id='word_1_51' title='bbox 640 1857 711 1916; x_wconf 87' lang='lat' dir='ltr'><strong>celle</strong></span> <span class='ocrx_word' id='word_1_52' title='bbox 726 1875 874 1928; x_wconf 78' lang='lat' dir='ltr'><strong>racemos3</strong></span> 
     </span>
     <span class='ocr_line' id='line_1_12' title="bbox 205 1963 952 2047; baseline -0.001 -22"><span class='ocrx_word' id='word_1_53' title='bbox 205 1965 307 2047; x_wconf 83' lang='lat' dir='ltr'><strong>Regna</strong></span> <span class='ocrx_word' id='word_1_54' title='bbox 320 1965 483 2025; x_wconf 79' lang='lat' dir='ltr'><strong>Caledoniae</strong></span> <span class='ocrx_word' id='word_1_55' title='bbox 497 1966 663 2025; x_wconf 80' lang='lat' dir='ltr'><strong>dulcissima</strong></span> <span class='ocrx_word' id='word_1_56' title='bbox 676 1963 769 2024; x_wconf 78' lang='lat' dir='ltr'><strong>dicere</strong></span> <span class='ocrx_word' id='word_1_57' title='bbox 783 1975 870 2024; x_wconf 76' lang='lat' dir='ltr'><strong>emtu</strong></span> <span class='ocrx_word' id='word_1_58' title='bbox 944 2011 952 2032; x_wconf 78' lang='grc'><strong>.</strong></span> 
     </span>
     <span class='ocr_line' id='line_1_13' title="bbox 204 2073 893 2146; baseline 0.001 -15"><span class='ocrx_word' id='word_1_59' title='bbox 204 2073 350 2134; x_wconf 86' lang='lat' dir='ltr'><strong>Nescitis:</strong></span> <span class='ocrx_word' id='word_1_60' title='bbox 373 2073 448 2146; x_wconf 86' lang='lat' dir='ltr'><strong>Quis</strong></span> <span class='ocrx_word' id='word_1_61' title='bbox 461 2076 539 2134; x_wconf 84' lang='lat' dir='ltr'><strong>enim</strong></span> <span class='ocrx_word' id='word_1_62' title='bbox 553 2092 640 2133; x_wconf 79' lang='lat' dir='ltr'><strong>veesu</strong></span> <span class='ocrx_word' id='word_1_63' title='bbox 653 2073 893 2133; x_wconf 63' lang='lat' dir='ltr'><strong>eantare&#39;deeenti</strong></span> 
     </span>
     <span class='ocr_line' id='line_1_14' title="bbox 204 2180 865 2260; baseline 0 -20"><span class='ocrx_word' id='word_1_64' title='bbox 204 2180 368 2260; x_wconf 86' lang='lat' dir='ltr'><strong>Purpureos</strong></span> <span class='ocrx_word' id='word_1_65' title='bbox 380 2181 476 2252; x_wconf 82' lang='lat' dir='ltr'><strong>eolles,</strong></span> <span class='ocrx_word' id='word_1_66' title='bbox 491 2193 521 2240; x_wconf 84' lang='lat' dir='ltr'><strong>et</strong></span> <span class='ocrx_word' id='word_1_67' title='bbox 534 2194 615 2258; x_wconf 76' lang='lat' dir='ltr'><strong>prete</strong></span> <span class='ocrx_word' id='word_1_68' title='bbox 628 2182 761 2253; x_wconf 74' lang='lat' dir='ltr'><strong>virentia,</strong></span> <span class='ocrx_word' id='word_1_69' title='bbox 775 2201 865 2260; x_wconf 81' lang='lat' dir='ltr'><strong>purus</strong></span> 
     </span>
    </p>

    <p class='ocr_par' dir='ltr' id='par_1_8' title="bbox 203 2287 985 2590">
     <span class='ocr_line' id='line_1_15' title="bbox 204 2287 871 2368; baseline 0 -20"><span class='ocrx_word' id='word_1_70' title='bbox 204 2287 297 2348; x_wconf 70' lang='lat' dir='ltr'><strong>Risus</strong></span> <span class='ocrx_word' id='word_1_71' title='bbox 311 2290 361 2348; x_wconf 89' lang='lat' dir='ltr'><strong>ubi</strong></span> <span class='ocrx_word' id='word_1_72' title='bbox 375 2289 484 2366; x_wconf 72' lang='lat' dir='ltr'><strong>placide</strong></span> <span class='ocrx_word' id='word_1_73' title='bbox 499 2289 567 2349; x_wconf 81' lang='lat' dir='ltr'><strong>flevi</strong></span> <span class='ocrx_word' id='word_1_74' title='bbox 581 2291 710 2368; x_wconf 78' lang='lat' dir='ltr'><strong>subrepit</strong></span> <span class='ocrx_word' id='word_1_75' title='bbox 723 2291 754 2348; x_wconf 91' lang='lat' dir='ltr'><strong>in</strong></span> <span class='ocrx_word' id='word_1_76' title='bbox 768 2291 871 2349; x_wconf 73' lang='lat' dir='ltr'><strong>umbri</strong></span> 
     </span>
     <span class='ocr_line' id='line_1_16' title="bbox 203 2395 906 2477; baseline 0.001 -22"><span class='ocrx_word' id='word_1_77' title='bbox 203 2395 310 2474; x_wconf 80' lang='lat' dir='ltr'><strong>Sparti,</strong></span> <span class='ocrx_word' id='word_1_78' title='bbox 323 2407 375 2456; x_wconf 82' lang='lat' dir='ltr'><strong>sut</strong></span> <span class='ocrx_word' id='word_1_79' title='bbox 383 2399 475 2477; x_wconf 77' lang='lat' dir='ltr'><strong>jactat</strong></span> <span class='ocrx_word' id='word_1_80' title='bbox 487 2417 576 2476; x_wconf 79' lang='lat' dir='ltr'><strong>eques</strong></span> <span class='ocrx_word' id='word_1_81' title='bbox 589 2399 649 2460; x_wconf 80' lang='lat' dir='ltr'><strong>aito</strong></span> <span class='ocrx_word' id='word_1_82' title='bbox 662 2398 699 2458; x_wconf 89' lang='lat' dir='ltr'><strong>de</strong></span> <span class='ocrx_word' id='word_1_83' title='bbox 713 2398 821 2458; x_wconf 82' lang='lat' dir='ltr'><strong>vertice</strong></span> <span class='ocrx_word' id='word_1_84' title='bbox 835 2397 906 2470; x_wconf 74' lang='lat' dir='ltr'><strong>essi,</strong></span> 
     </span>
     <span class='ocr_line' id='line_1_17' title="bbox 203 2505 985 2590; baseline 0 -22"><span class='ocrx_word' id='word_1_85' title='bbox 203 2505 347 2582; x_wconf 81' lang='lat' dir='ltr'><strong>Quamvis</strong></span> <span class='ocrx_word' id='word_1_86' title='bbox 361 2520 439 2581; x_wconf 81' lang='lat' dir='ltr'><strong>note,</strong></span> <span class='ocrx_word' id='word_1_87' title='bbox 454 2511 563 2587; x_wconf 72' lang='lat' dir='ltr'><strong>quenti</strong></span> <span class='ocrx_word' id='word_1_88' title='bbox 584 2521 710 2568; x_wconf 87' lang='lat' dir='ltr'><strong>renuunt</strong></span> <span class='ocrx_word' id='word_1_89' title='bbox 723 2509 824 2590; x_wconf 80' lang='lat' dir='ltr'><strong>ignote</strong></span> <span class='ocrx_word' id='word_1_90' title='bbox 837 2509 985 2569; x_wconf 70' lang='lat' dir='ltr'><strong>Cmnenae.</strong></span> 
     </span>
    </p>
   </div>
   <div class='ocr_carea' id='block_1_6' title="bbox 201 2723 988 3345">
    <p class='ocr_par' dir='ltr' id='par_1_9' title="bbox 201 2723 988 3345">
     <span class='ocr_line' id='line_1_18' title="bbox 241 2723 935 2812; baseline 0 -29"><span class='ocrx_word' id='word_1_91' title='bbox 241 2723 330 2784; x_wconf 81' lang='lat' dir='ltr'><strong>Muse</strong></span> <span class='ocrx_word' id='word_1_92' title='bbox 342 2726 414 2785; x_wconf 87' lang='lat' dir='ltr'><strong>mihi</strong></span> <span class='ocrx_word' id='word_1_93' title='bbox 429 2725 534 2785; x_wconf 86' lang='lat' dir='ltr'><strong>Petriae</strong></span> <span class='ocrx_word' id='word_1_94' title='bbox 547 2726 667 2786; x_wconf 77' lang='lat' dir='ltr'><strong>chordas</strong></span> <span class='ocrx_word' id='word_1_95' title='bbox 681 2726 796 2812; x_wconf 80' lang='lat' dir='ltr'><strong>impelle</strong></span> <span class='ocrx_word' id='word_1_96' title='bbox 809 2725 935 2795; x_wconf 86' lang='lat' dir='ltr'><strong>timenti,</strong></span> 
     </span>
     <span class='ocr_line' id='line_1_19' title="bbox 201 2829 869 2906; baseline 0.003 -16"><span class='ocrx_word' id='word_1_97' title='bbox 201 2829 291 2891; x_wconf 80' lang='lat' dir='ltr'><strong>Dona</strong></span> <span class='ocrx_word' id='word_1_98' title='bbox 300 2845 361 2892; x_wconf 72' lang='lat' dir='ltr'><strong>tue</strong></span> <span class='ocrx_word' id='word_1_99' title='bbox 374 2835 470 2894; x_wconf 88' lang='lat' dir='ltr'><strong>recino</strong></span> <span class='ocrx_word' id='word_1_100' title='bbox 482 2835 603 2906; x_wconf 55' lang='lat' dir='ltr'><strong>telluris</strong></span> <span class='ocrx_word' id='word_1_101' title='bbox 618 2835 668 2894; x_wconf 85' lang='lat' dir='ltr'><strong>ubi</strong></span> <span class='ocrx_word' id='word_1_102' title='bbox 681 2847 744 2900; x_wconf 77' lang='lat' dir='ltr'><strong>atre</strong></span> <span class='ocrx_word' id='word_1_103' title='bbox 757 2853 869 2894; x_wconf 77' lang='lat' dir='ltr'><strong>venene</strong></span> 
     </span>
     <span class='ocr_line' id='line_1_20' title="bbox 201 2937 988 3020; baseline 0.008 -24"><span class='ocrx_word' id='word_1_104' title='bbox 201 2937 271 2996; x_wconf 89' lang='lat' dir='ltr'><strong>Non</strong></span> <span class='ocrx_word' id='word_1_105' title='bbox 285 2960 412 3018; x_wconf 79' lang='lat' dir='ltr'><strong>unquam</strong></span> <span class='ocrx_word' id='word_1_106' title='bbox 427 2943 507 3002; x_wconf 84' lang='lat' dir='ltr'><strong>dedit</strong></span> <span class='ocrx_word' id='word_1_107' title='bbox 520 2963 569 3002; x_wconf 87' lang='lat' dir='ltr'><strong>ore</strong></span> <span class='ocrx_word' id='word_1_108' title='bbox 582 2943 677 3014; x_wconf 82' lang='lat' dir='ltr'><strong>draco,</strong></span> <span class='ocrx_word' id='word_1_109' title='bbox 692 2960 745 3000; x_wconf 87' lang='lat' dir='ltr'><strong>nec</strong></span> <span class='ocrx_word' id='word_1_110' title='bbox 757 2941 875 3000; x_wconf 82' lang='lat' dir='ltr'><strong>naribus</strong></span> <span class='ocrx_word' id='word_1_111' title='bbox 888 2941 988 3020; x_wconf 83' lang='lat' dir='ltr'><strong>ignem</strong></span> 
     </span>
     <span class='ocr_line' id='line_1_21' title="bbox 202 3045 858 3130; baseline 0.009 -25"><span class='ocrx_word' id='word_1_112' title='bbox 202 3045 358 3120; x_wconf 84' lang='lat' dir='ltr'><strong>Evomuit;</strong></span> <span class='ocrx_word' id='word_1_113' title='bbox 379 3070 527 3130; x_wconf 76' lang='lat' dir='ltr'><strong>nunquam</strong></span> <span class='ocrx_word' id='word_1_114' title='bbox 540 3052 641 3110; x_wconf 80' lang='lat' dir='ltr'><strong>catulis</strong></span> <span class='ocrx_word' id='word_1_115' title='bbox 656 3053 755 3110; x_wconf 81' lang='lat' dir='ltr'><strong>orbate</strong></span> <span class='ocrx_word' id='word_1_116' title='bbox 767 3049 858 3111; x_wconf 76' lang='lat' dir='ltr'><strong>leaena</strong></span> 
     </span>
     <span class='ocr_line' id='line_1_22' title="bbox 202 3153 896 3236; baseline 0.004 -25"><span class='ocrx_word' id='word_1_117' title='bbox 202 3153 335 3214; x_wconf 83' lang='lat' dir='ltr'><strong>Clamore</strong></span> <span class='ocrx_word' id='word_1_118' title='bbox 348 3157 479 3234; x_wconf 87' lang='lat' dir='ltr'><strong>implevit</strong></span> <span class='ocrx_word' id='word_1_119' title='bbox 492 3178 617 3236; x_wconf 81' lang='lat' dir='ltr'><strong>campos,</strong></span> <span class='ocrx_word' id='word_1_120' title='bbox 633 3179 691 3218; x_wconf 90' lang='lat' dir='ltr'><strong>non</strong></span> <span class='ocrx_word' id='word_1_121' title='bbox 705 3157 799 3216; x_wconf 85' lang='lat' dir='ltr'><strong>incola</strong></span> <span class='ocrx_word' id='word_1_122' title='bbox 811 3156 896 3214; x_wconf 84' lang='lat' dir='ltr'><strong>laetus</strong></span> 
     </span>
     <span class='ocr_line' id='line_1_23' title="bbox 201 3262 944 3345; baseline 0.007 -25"><span class='ocrx_word' id='word_1_123' title='bbox 201 3262 264 3322; x_wconf 87' lang='lat' dir='ltr'><strong>Aut</strong></span> <span class='ocrx_word' id='word_1_124' title='bbox 277 3263 375 3323; x_wconf 81' lang='lat' dir='ltr'><strong>timuit</strong></span> <span class='ocrx_word' id='word_1_125' title='bbox 388 3265 518 3345; x_wconf 82' lang='lat' dir='ltr'><strong>tigrides,</strong></span> <span class='ocrx_word' id='word_1_126' title='bbox 532 3267 669 3326; x_wconf 87' lang='lat' dir='ltr'><strong>dentesve</strong></span> <span class='ocrx_word' id='word_1_127' title='bbox 683 3263 845 3344; x_wconf 85' lang='lat' dir='ltr'><strong>Libystidis</strong></span> <span class='ocrx_word' id='word_1_128' title='bbox 859 3281 944 3325; x_wconf 74' lang='lat' dir='ltr'><strong>ursae.</strong></span> 
     </span>
    </p>
   </div>
   <div class='ocr_carea' id='block_1_7' title="bbox 202 3369 877 3458">
    <p class='ocr_par' dir='ltr' id='par_1_10' title="bbox 202 3369 877 3458">
     <span class='ocr_line' id='line_1_24' title="bbox 202 3369 877 3458; baseline 0.003 -27"><span class='ocrx_word' id='word_1_129' title='bbox 202 3369 244 3432; x_wconf 87' lang='lat' dir='ltr'><strong>At</strong></span> <span class='ocrx_word' id='word_1_130' title='bbox 258 3390 361 3449; x_wconf 80' lang='lat' dir='ltr'><strong>veccoe,</strong></span> <span class='ocrx_word' id='word_1_131' title='bbox 375 3373 502 3458; x_wconf 78' lang='lat' dir='ltr'><strong>tentique</strong></span> <span class='ocrx_word' id='word_1_132' title='bbox 516 3377 604 3439; x_wconf 84' lang='lat' dir='ltr'><strong>boves</strong></span> <span class='ocrx_word' id='word_1_133' title='bbox 618 3375 654 3438; x_wconf 85' lang='lat' dir='ltr'><strong>de</strong></span> <span class='ocrx_word' id='word_1_134' title='bbox 667 3375 797 3458; x_wconf 75' lang='lat' dir='ltr'><strong>gramine</strong></span> <span class='ocrx_word' id='word_1_135' title='bbox 809 3372 877 3436; x_wconf 76' lang='lat' dir='ltr'><strong>leto</strong></span> 
     </span>
    </p>
   </div>
   <div class='ocr_carea' id='block_1_8' title="bbox 0 0 1156 4000">
    <p class='ocr_par' dir='ltr' id='par_1_11' title="bbox 0 0 1156 4000">
     <span class='ocr_line' id='line_1_25' title="bbox 0 0 1156 4000; baseline 0 3"><span class='ocrx_word' id='word_1_136' title='bbox 0 0 1156 4000; x_wconf 95' lang='lat' dir='ltr'><strong> </strong></span> 
     </span>
    </p>
   </div>
  </div>
 </body>
</html>
