2344 3996
578 351 632 416 viii

199 532 407 599 comparentur,
422 521 471 580 ubi
485 520 565 598 pueri
575 541 593 578 a
602 521 708 580 teneris
723 520 865 600 unguibus
877 540 966 599 usque
979 524 1017 582 ud

199 631 341 689 decimum
351 630 504 707 septimum
516 649 625 688 annum
636 630 666 688 in
675 629 720 688 his
732 630 835 689 studiis
846 641 998 688 versantur
1006 651 1017 701 ,-

199 739 250 796 sed
274 738 388 815 partim,
410 748 443 796 ut
465 738 653 815 experimenti
675 737 706 794 in
730 738 879 815 disciplina
906 735 1017 815 publici

198 848 291 906 exitus
306 868 370 906 cum
385 848 496 905 civibus
506 845 741 917 communicetur,
751 847 855 924 partim
870 858 912 916 ut,
925 866 1016 924 quan·

198 969 261 1014 tum
275 956 305 1012 in
319 975 366 1013 me
381 967 434 1025 est,
456 955 584 1014 deleatur
605 955 661 1013 ista
673 955 794 1025 macula,
817 974 881 1030 quae
902 955 1016 1031 penitus

193 1051 260 1140 jani
269 1063 376 1122 insedit
390 1075 475 1140 atque
490 1063 663 1120 inveteravit
674 1062 703 1118 in
717 1060 868 1120 Scotorum
882 1040 1019 1130 nominer

198 1171 276 1245 quod
291 1171 321 1240 ii,
338 1171 396 1247 qui,
412 1171 448 1228 de
462 1170 581 1228 scientia
594 1178 624 1227 et
638 1168 820 1247 philosophie
834 1169 941 1246 optime
955 1188 1015 1228 me·
1051 1159 1054 1164 ¹

199 1292 326 1350 ruerunt,
348 1280 437 1338 literis
459 1279 677 1337 humanioribus
692 1278 798 1336 -minus
812 1278 917 1338 imbuti
938 1291 1014 1351 sunt,

198 1398 228 1444 ct
241 1388 399 1463 praesertim
415 1388 445 1444 in
460 1363 593 1465 prosodia
608 1384 736 1463 quotidie
750 1385 884 1444 titubant

258 1601 320 1660 Nec
334 1599 608 1683 milriinjucundum
622 1598 686 1668 erit,
701 1597 755 1656 hoe
768 1581 897 1658 extremo
910 1609 939 1658 et
949 1599 1017 1658 inu·
1031 1662 1034 1666 ,

201 1711 287 1768 sitoto
300 1708 419 1766 honoris
433 1708 552 1784 praemio
566 1707 685 1776 afficere,
705 1716 791 1782 atque
805 1706 845 1764 ita
858 1705 895 1764 ad
908 1708 1018 1784 majore

197 1815 359 1886 accendere,
370 1834 474 1892 pueros
486 1816 636 1894 ingenuos,
643 1814 693 1890 qui
703 1811 832 1872 honestis
842 1809 957 1870 tannim
966 1813 1017 1881 sti-

195 1925 284 1984 mulis
301 1924 396 1993 exciti,
411 1935 451 1994 et,
467 1932 594 2001 ‘praeter
607 1922 733 1991 leudem,
748 1920 855 1980 nullius
868 1921 967 1990 avaris
986 1939 1017 1980 se

197 2030 265 2088 huic
279 2031 375 2088 studio
396 2029 578 2099 dediderunt,
600 2039 639 2098 et,
660 2027 739 2086 nulli
760 2037 839 2104 parte
860 2026 1016 2102 disciplinae

197 2141 346 2200 tralaticiae
359 2139 487 2217 neglecti
490 2179 500 2208 ,
510 2137 571 2198 haec
583 2140 712 2216 insuper,
724 2137 866 2198 subsecivi
879 2136 1015 2216 temporis
1029 2189 1034 2200 .

199 2267 293 2326 opere,
308 2247 498 2306 elaborarunt.

259 2464 336 2522 Mihi
350 2483 463 2542 quoque
477 2483 645 2543 persuasum
668 2477 722 2536 est,
743 2487 803 2527 non
817 2465 879 2528 sine
893 2465 1016 2528 oblecta·
1028 2501 1036 2528 ,ι

199 2574 277 2631 tione
288 2572 415 2649 ,quidem
437 2573 524 2632 hocce
537 2573 707 2651 opusculum
728 2576 850 2635 lecturos
865 2595 927 2636 esse
941 2576 1015 2648 illos,
1059 2585 1062 2592 '

199 2700 270 2757 quos
294 2682 355 2740 vim
369 2692 412 2746 ‚et
436 2692 569 2742 naturam
589 2683 679 2747 animi
699 2703 734 2742 eo
759 2695 889 2761 tempore
909 2684 1017 2744 intueri

193 2792 289 2866 juvat,
311 2809 368 2867 quo
382 2789 463 2848 dotes
484 2791 546 2867 ejus
558 2791 742 2851 ,incrementa
766 2812 879 2852 sumere
902 2794 1015 2869 incepe-

197 2900 256 2956 rint
266 2921 276 2970 ς
297 2911 327 2958 et
351 2901 436 2961 simul
449 2902 612 2972 observare,
637 2922 723 2980 quam
746 2903 854 2962 sensim
867 2903 898 2960 in
912 2901 1014 2976 eodem
1035 2954 1039 2961 .

196 3006 406 3064 exercitationis
434 3028 537 3086 genere
561 3009 653 3068 indies
676 3009 836 3088 proficiant.
888 3007 929 3068 Et
956 3027 1014 3086 quo

197 3116 288 3194 magis
302 3115 339 3174 ad
353 3115 406 3174 hos
428 3115 538 3176 fructus
551 3119 747 3196 percipiendos
760 3118 809 3176 vie
822 3128 928 3196 pateat,
949 3117 1013 3196 plu·

196 3222 272 3280 rium
286 3221 438 3283 desidem
463 3246 493 3286 re
516 3227 671 3284 versiculos
696 3225 813 3304 subjeci,
834 3235 948 3285 aetutem
960 3243 1012 3284 cu·

193 3331 298 3406 jrrsque
312 3332 420 3405 notavi,
443 3343 471 3394 et
494 3353 590 3394 rerum
609 3332 745 3395 ordinem
765 3333 807 3395 ita
820 3333 958 3416 disposui,
980 3342 1013 3392 ut
