2302 4000
485 707 490 724 '
522 729 720 810 sarrana.

196 895 308 982 Runa
322 921 384 980 aliis
399 920 517 1000 placeat,
532 921 639 980 virides
653 932 682 980 et
694 919 823 1000 gramine
836 937 962 998 campos,

199 1032 387 1110 Pastoresque
401 1031 503 1089 humili
517 1031 623 1108 plectro
638 1017 751 1090 cantaie
764 1049 942 1111 gregesque„

197 1141 278 1215 Quid
293 1153 373 1201 vetat
387 1143 510 1200 excelsas
525 1144 609 1199 urbes
623 1152 653 1199 et
666 1140 773 1198 moenia
785 1139 870 1211 clara,

194 1250 243 1309 Ad
258 1253 367 1329 majora
379 1269 500 1308 movens
514 1269 618 1307 nervos
632 1260 662 1307 at
675 1248 783 1327 plectra
796 1267 908 1320 canora,

195 1355 242 1414 Ne
255 1355 358 1426 dicam,
373 1356 517 1415 celebrans
531 1365 673 1414 terrarum
687 1355 786 1414 lumen
797 1354 928 1414 Athenas

196 1466 293 1539 Orbis,
308 1479 338 1527 et
350 1467 471 1526 heroum
484 1467 606 1546 patriam
620 1479 777 1545 vatumque
791 1466 937 1526 feracem?

234 1681 338 1741 Aoniae
352 1681 437 1752 divae,
453 1681 586 1740 Parnassi
601 1699 680 1740 sacra
692 1681 827 1752 colentes,

195 1787 256 1847 Vos
270 1790 376 1867 patrias
391 1809 475 1868 rupes
489 1789 643 1868 dulcesque
657 1789 855 1869 Aganippidos
868 1787 961 1847 undas

194 1894 382 1974 Linquentes,
397 1917 568 1975 operamque
581 1898 675 1958 levate
689 1909 719 1957 ct
732 1897 830 1956 adeste
842 1893 982 1966 faventes

195 2003 235 2062 Et
249 2004 320 2063 mihi
328 2007 391 2083 jam
405 2005 522 2064 audenti
536 2026 640 2085 magna
653 2005 796 2083 adspirate
810 2005 963 2063 secundae'!

194 2111 309 2169 Moenia
321 2121 419 2170 vestra
431 2131 512 2183 cano,
527 2113 674 2190 dictasque
687 2133 705 2170 a
719 2111 836 2170 Pallade
849 2123 949 2171 terras.

234 2320 339 2398 Aspice
353 2324 409 2398 qua
422 2320 499 2379 tollit
512 2341 597 2399 rupes
607 2322 625 2357 ³
639 2323 759 2400 abrupta
773 2322 928 2399 superbum

195 2429 336 2490 Turribus
349 2425 468 2490 excelsis
482 2431 605 2503 culmen,
620 2431 768 2509 doctaeque
782 2433 931 2490 minantur

195 2537 318 2598 Palladis
332 2539 363 2598 in
376 2538 477 2598 coelum
492 2540 595 2600 domus
606 2539 636 2612 †,
650 2550 680 2601 et
693 2539 851 2618 penetralia
863 2557 943 2598 sacra

194 2648 280 2708 Mille
294 2651 437 2711 renidenti
451 2649 487 2709 de
500 2669 643 2710 marmore
656 2651 724 2709 nixa
738 2650 887 2708 columnis.

195 2755 275 2819 Hinc
288 2759 397 2830 oculus,
410 2756 519 2817 cneum
533 2769 664 2836 spectans
677 2768 707 2816 et
720 2769 823 2817 cuncta
835 2775 993 2834 pererrans,

194 2865 295 2924 Multa
302 2865 383 2926 videt
396 2863 453 2925 late
459 2887 470 2937 ;
491 2863 662 2946 AEginoeque
675 2865 823 2925 cacumina
834 2864 927 2934 celsae,

193 2970 327 3050 Hospitis
341 2983 371 3032 et
383 2987 496 3033 montes
510 2973 597 3033 etiam
612 2973 764 3033 Salaminis
778 2990 897 3050 opacos:
913 2992 916 2998 ·

193 3077 272 3138 Tum
287 3075 400 3158 Pelopia
415 3079 534 3162 Phrygii
547 3083 657 3142 telluris
670 3082 769 3143 littora
781 3099 878 3153 curva,

192 3185 376 3268 AEquoraque
389 3185 473 3270 AEgei
485 3201 545 3252 tarn
559 3193 665 3254 crebris
679 3192 790 3253 consita
801 3190 895 3260 terris,

322 3381 341 3421 ⁴*
358 3381 492 3448 Acropolis.
704 3387 719 3448 ’f
735 3379 883 3435 Parthenon.
