2302 4000
525 372 567 430 99

108 537 152 600 Et
165 534 313 616 quondam
332 533 470 598 domitrix
483 533 625 598 terraram
640 538 733 602 borno
747 547 880 623 superbo.

107 649 272 711 Ausoniam
287 648 421 728 quamvis
433 650 537 710 cocinit
549 649 715 730 oitbtrique
729 656 860 731 potenti*

106 759 290 838 Aptavitque
304 759 377 838 lyroe
389 758 496 818 invidit
509 761 590 838 queis
603 760 707 821 doctus
720 761 831 842 Apollo

105 867 247 928 Carmina
260 865 410 947 Virgilius,
426 867 509 938 nulli,
524 878 558 926 tu
571 887 647 940 cara,
661 879 764 946 poete,

105 975 215 1050 Sootia,
229 977 398 1048 concedens,
407 978 521 1056 justum
535 977 672 1036 retinebis
686 977 836 1040 honorem.

148 1195 218 1254 Non
232 1193 301 1255 sani
314 1195 362 1255 hio
375 1216 471 1256 rerum
483 1197 610 1278 genitrix
623 1197 736 1260 Natura
748 1197 897 1279 profundit

103 1302 295 1364 Fecundante
308 1307 383 1376 sinu,
397 1316 442 1366 tot
455 1307 554 1366 mollis
566 1307 681 1387 gaudia,
695 1309 766 1369 vitoe

105 1413 245 1485 Delicias,
259 1416 335 1495 agris
349 1426 421 1493 quot
433 1417 536 1476 calum
549 1417 649 1477 nutius
662 1417 754 1479 affert.

104 1521 185 1581 Nam
199 1543 252 1601 pro
265 1524 417 1584 muloentis
431 1523 559 1602 Zephyri
571 1525 732 1603 genialibus
745 1527 835 1600 auris,

105 1629 218 1708 Saepius
231 1632 352 1692 immitis
366 1631 438 1692 flatu
450 1632 605 1692 baechatur
618 1632 718 1709 iniquo

103 1738 169 1796 Aut
183 1737 289 1809 Notus,
303 1750 354 1798 aut
366 1739 483 1809 Boreas,
496 1750 548 1798 aut
561 1739 691 1798 stridens
705 1739 803 1798 Eurus
817 1742 853 1799 ab
867 1752 943 1800 ortu.

106 1847 169 1909 Hic
182 1869 333 1908 nemorosa
340 1851 421 1930 juga,
435 1862 465 1910 et
479 1850 630 1928 scopuloso
644 1850 752 1910 vertice
765 1861 879 1911 montes

107 1955 254 2015 Continuo
262 1957 357 2036 juncti
371 1969 493 2036 surgunt
507 1957 544 2017 ad
558 1957 653 2016 sidera
666 1977 752 2018 nexu.

107 2063 167 2123 Sed
179 2074 276 2123 temen
290 2065 420 2125 invenias
435 2067 593 2126 viridantes
606 2068 737 2146 gramine
752 2067 853 2139 valles,

107 2171 176 2244 Qut
189 2171 320 2249 pulchras
335 2176 419 2234 urbes
428 2176 559 2254 jucundi
572 2176 703 2235 interluit
718 2177 807 2249 unda,

106 2277 267 2356 Obliquum
281 2300 397 2340 currens
411 2284 528 2343 sinuoso
541 2285 666 2355 tramite,
681 2283 789 2345 flumen
803 2307 812 2345 t

106 2384 270 2465 vestitique
284 2390 344 2448 suis
358 2389 492 2452 florentes
506 2393 647 2452 messibus
661 2393 723 2473 agri

106 2493 246 2572 Sparsim,
261 2498 445 2574 suppeditant
458 2500 587 2558 Cerealia
600 2493 721 2565 munera
734 2497 834 2578 largi:

105 2600 148 2660 Et
162 2621 226 2678 quae
240 2601 320 2662 Diva
333 2615 419 2684 negat
433 2605 564 2696 Nature,
578 2605 702 2682 repperit
715 2605 811 2664 audax

105 2710 262 2783 Mercator,
276 2711 356 2772 dubii
369 2713 485 2772 subiens
499 2713 664 2772 discrimino
677 2715 770 2791 ponti,

107 2819 217 2879 Omnia
230 2831 260 2880 et
273 2821 433 2899 intrepidus
447 2842 499 2900 pro
513 2832 625 2899 quoestu
639 2823 738 2882 littora
751 2823 859 2885 visens.

105 2927 206 3004 Atque
220 2929 307 2987 etiam
322 2929 346 2987 si
359 2929 410 2999 illi,
427 2930 506 3007 queis
521 2931 591 2991 vitoe
604 2949 690 2989 causa
703 2931 848 3009 voluptas,

105 3030 243 3094 Forsitan
256 3033 305 3095 hio
318 3037 403 3096 luxus
417 3037 523 3097 frustra
536 3040 690 3118 conjuncta
703 3039 851 3116 requirant

107 3139 225 3234 Gaurlia
237 3147 371 3224 pennicis,
385 3159 482 3208 tamen
496 3150 594 3228 omnia
607 3167 728 3208 munera
740 3147 888 3209 abundant

105 3249 281 3330 Exoptanda
293 3257 386 3330 bonis,
402 3270 569 3335 naturaeque
584 3258 668 3316 unica
682 3257 758 3317 dona

107 3356 185 3432 Qua
197 3359 257 3425 lato
269 3366 362 3445 major
375 3367 435 3430 sibi·
443 3367 536 3432 virtus
550 3365 660 3446 inclyta
672 3364 777 3447 poscit.
