2302 4000
617 361 781 450 uo¹

201 534 320 598 Gaudet
333 532 422 612 aquus
436 534 542 613 pugni,
557 549 713 610 campoque
722 529 848 611 jaceritia
861 535 971 612 passim

201 645 330 722 Corpora
341 642 487 702 conculcat
500 641 629 720 pedibus,
644 640 804 718 volitatque
818 661 869 720 per
883 661 969 723 agi-oa

202 751 347 832 Sanguine
360 769 526 830 respersus:
546 747 622 809 tent
636 767 713 808 nunc
725 749 842 828 agmina
854 759 918 808 tota

201 858 298 920 Strata
305 861 413 939 jacent,
427 858 578 935 sterilique
586 875 671 916 cruor
684 856 818 936 profusus
832 857 930 918 areni.

200 965 232 1026 N
232 985 287 1026 unc
298 966 331 1030 bi
344 985 420 1024 nunc
434 966 476 1024 illi
489 963 617 1045 fugiunt,
628 983 786 1043 campoque
800 965 908 1042 repulsi

200 1069 364 1132 Vincuntur
377 1071 464 1144 stede,
478 1084 528 1132 aut
542 1073 665 1132 redeunt
677 1074 707 1130 in
722 1071 823 1149 proelie
836 1071 917 1130 victi.

200 1179 258 1240 Pro
272 1181 389 1240 domino
403 1179 434 1237 hi
448 1191 578 1259 pugnant
591 1180 689 1238 miseri
704 1199 840 1256 sevoque
853 1191 993 1257 tyranno.

200 1285 270 1346 Nori
283 1287 392 1345 animat
404 1287 491 1356 vires,
505 1286 615 1345 dextrae
629 1307 687 1346 non
706 1288 821 1346 roborat
835 1286 925 1346 ictum

199 1396 377 1474 Conspectus
390 1397 473 1466 ciria,
488 1415 542 1456 nec
555 1397 674 1454 laudum
688 1397 831 1455 immensa
843 1398 957 1476 cupido.

199 1503 248 1564 Illi
261 1525 313 1583 pro
327 1504 419 1584 patrib
433 1516 544 1564 certant
557 1505 747 1582 domibusque
761 1507 898 1582 potentie,

197 1611 340 1672 Dulcibus
353 1623 384 1673 et
396 1614 481 1683 natis,
495 1624 526 1672 et
539 1633 637 1692 regno,
652 1623 682 1672 et
695 1614 816 1692 conjugo
830 1616 894 1672 card
905 1636 916 1686 3

199 1718 367 1782 Instimulat
380 1731 508 1782 urentem
521 1720 625 1780 ductor
636 1722 771 1798 civesque
785 1721 927 1782 videntes.

238 1931 325 1992 Nunc
338 1945 445 2004 autem,
462 1933 585 2012 cupidus
597 1933 765 2012 praestantia
779 1932 1071 2012 nomina-quondum¹

197 2037 331 2110 cantare,
346 2040 503 2101 indomitos
519 2041 633 2100 Heroas
647 2041 742 2101 dicere
756 2060 843 2100 versu

198 2143 360 2224 Incipiam:
380 2149 480 2217 solers,
492 2146 523 2205 O
537 2147 634 2217 Musa,
648 2147 746 2208 faveto
759 2149 881 2206 canenti.

198 2253 321 2331 Aspice!
347 2255 511 2332 praeoelieua
525 2266 642 2316 cunctos
657 2255 800 2316 Vallatius
813 2255 898 2316 beroa

197 2361 306 2441 Surgit,
322 2365 371 2440 qui
384 2375 519 2422 corretans
534 2365 610 2424 inter
622 2365 718 2424 civilia
730 2367 806 2426 bella
947 2337 955 2356 ⁶

197 2472 307 2545 Stabat,
322 2486 352 2534 et
365 2476 491 2540 invictus
505 2495 618 2553 semper
626 2497 636 2546 ς
659 2477 709 2553 qui
722 2476 826 2536 ductus
840 2495 938 2536 amore

198 2581 324 2661 ingratae
337 2585 447 2663 patriae,
463 2603 513 2662 per
527 2595 571 2642 tot
585 2585 743 2642 certamina
755 2584 822 2644 belli

197 2689 366 2770 Impauidua
380 2693 464 2770 vixit,
478 2711 531 2752 nec
544 2693 641 2772 segnis
655 2694 691 2752 ab
704 2691 787 2752 boote
801 2693 930 2752 recessitt

197 2799 340 2860 Hostibus
354 2802 457 2863 invisis
470 2821 536 2862 cum
549 2801 689 2880 diffugere
701 2803 837 2862 timentes

195 2905 293 2978 Cives,
307 2919 338 2972 et
350 2910 471 2986 patriam
485 2910 595 2987 liquere
608 2921 639 2970 et
652 2909 746 2970 dulcia
759 2910 855 2980 tecta;

196 3013 281 3074 Solus
295 3037 348 3094 pro
361 3019 453 3095 patrib
467 3019 587 3082 dubium
600 3030 745 3078 certamen
758 3019 855 3091 inivit,

196 3121 281 3184 Solus
295 3126 473 3196 victorerat,
487 3127 600 3188 rediens
614 3147 650 3186 ox
664 3128 778 3207 agmine
790 3129 891 3188 rubro,

194 3229 238 3293 At
250 3231 378 3303 tandem,
392 3231 450 3294 heu
462 3231 589 3294 facinus!
611 3246 799 3296 contemnens
808 3237 877 3314 jura
890 3237 1032 3298 scelestus

193 3338 285 3408 Hunc
293 3340 440 3407 bominem
450 3345 679 3428 magnum-aed
692 3358 788 3410 cetera
797 3345 886 3412 Musa
896 3347 1038 3412 recondat
1045 3369 1056 3420 ,-
