2344 3996
614 321 655 410 aa

247 666 336 736 ons
356 647 515 732 isuaia
535 670 836 733 auacauouuis
857 671 1018 736 Liuius
1098 707 1102 713 -

534 807 736 870 REDDITA.

399 1033 561 1100 Maenalus,
576 1031 632 1094 ποθ’
646 1033 731 1116 ὅμως,
753 1059 780 1095 κ.
795 1060 821 1098 τ.
836 1049 863 1098 λ.

495 1295 645 1355 ·l.

206 1459 258 1549 N
259 1507 298 1548 ox
306 1489 417 1548 medios
426 1491 571 1568 quondam
578 1489 925 1569 torqueretcumhumida
933 1507 1047 1560 cursus,

243 1600 368 1677 Jamque
382 1603 435 1660 sub
445 1601 563 1660 Arcturi
577 1613 702 1660 veiteret
716 1602 794 1661 Ursa
807 1619 927 1658 manum
937 1623 951 1671 i

204 1710 311 1772 Suavia
324 1712 470 1788 tranquilli
483 1721 597 1788 caperet
609 1731 676 1768 cum
689 1729 810 1768 munera
823 1698 920 1768 somni

243 1819 340 1881 Omne
353 1840 443 1900 genus
456 1819 599 1878 domitum
613 1819 742 1876 membra
755 1818 851 1877 labore
864 1809 962 1878 virll'm
973 1841 987 1889 ς·

203 1928 286 1988 Tunc
300 1928 394 1987 Amor
406 1927 572 1996 adveniens,
595 1926 725 2004 pulsabat
737 1925 838 1984 limina
850 1928 929 1998 tecti,

244 2045 265 2073 “
279 2035 353 2108 Quis
367 2035 481 2112 pultat?
505 2053 621 2112 rumpes
635 2035 774 2104 somnia,''
795 2033 869 2106 dico,
890 2041 913 2071 “
920 2035 1019 2096 mihi.¹'

190 2143 225 2180 “‘
239 2142 586 2220 Oaperi,”inquitAmor,
597 2149 733 2200 “metuas
743 2143 795 2213 nil}
804 2141 1065 2221 sumpuerinfans,

243 2257 263 2286 “
276 2248 435 2319 Immadeo,
455 2251 558 2321 erravi,
579 2262 663 2310 nocte
676 2251 817 2330 nigrante,
838 2251 914 2309 vil?

202 2357 269 2417 Hoc
282 2358 369 2429 dicto,
389 2359 471 2418 casus
485 2359 544 2418 imo
558 2359 595 2418 de
607 2359 693 2418 eorde
706 2360 851 2430 misertus,

241 2466 376 2525 Accensa
385 2466 500 2545 lychno,
521 2467 616 2546 pando
630 2478 746 2545 repente
759 2466 844 2527 fores.

200 2577 242 2638 Et
254 2599 374 2657 puerum
388 2577 456 2637 sane
472 2577 610 2639 infantem
625 2579 750 2638 demiror
764 2579 870 2648 ocellis,

201 2669 205 2680 ¹
239 2686 295 2745 Cui
307 2686 449 2764 pharetra,
464 2699 494 2746 et
505 2707 617 2765 pennae,
632 2707 737 2746 curvus
751 2698 781 2745 et
800 2705 881 2748 arcus
896 2701 966 2746 erat.

198 2793 278 2854 Ante
290 2792 386 2853 focum
400 2796 497 2872 posui,
513 2796 622 2873 palmas
635 2796 825 2872 manibusque
837 2793 977 2856 fovebam·

238 2902 321 2980 Ejus,
342 2915 371 2963 et
384 2905 513 2981 expressi
527 2904 646 2962 flumina
659 2906 737 2985 larga
752 2904 851 2964 comis.

196 3007 252 3068 Ille
265 3021 371 3080 autem,
392 3022 426 3069 ut
438 3010 528 3090 fn'gus
542 3013 659 3072 tandem
673 3024 841 3082 cessaverat,
867 3012 971 3090 inquit,
1083 3063 1093 3092 ,

238 3129 259 3158 “
273 3120 304 3178 si
318 3121 396 3197 quid,
411 3132 566 3194 tentemus,
585 3122 700 3182 laeditur
714 3143 796 3182 arcus
809 3124 910 3200 aqual'

197 3227 269 3288 Mox
283 3229 388 3300 sinuat,
409 3230 593 3308 mediumque
602 3233 685 3310 jecur
697 3229 763 3289 ferit
776 3231 868 3290 instar
885 3229 958 3301 asili,
1029 3283 1036 3298 ,

236 3335 372 3399 Protinus
385 3338 519 3408 exsultat,
541 3339 615 3400 risus
629 3349 659 3400 et
673 3359 724 3400 ora
737 3338 850 3416 quatitz
