<?xml version="1.0" encoding="UTF-8"?>
<!DOCTYPE html PUBLIC "-//W3C//DTD XHTML 1.0 Transitional//EN"
    "http://www.w3.org/TR/xhtml1/DTD/xhtml1-transitional.dtd">
<html xmlns="http://www.w3.org/1999/xhtml" xml:lang="en" lang="en">
 <head>
  <title>
</title>
<meta http-equiv="Content-Type" content="text/html;charset=utf-8" />
  <meta name='ocr-system' content='tesseract 3.04.00' />
  <meta name='ocr-capabilities' content='ocr_page ocr_carea ocr_par ocr_line ocrx_word'/>
</head>
<body>
  <div class='ocr_page' id='page_1' title='image "./extentaminibusm00schgoog_0129.png"; bbox 0 0 2302 4000; ppageno 0'>
   <div class='ocr_carea' id='block_1_1' title="bbox 597 367 656 426">
    <p class='ocr_par' dir='ltr' id='par_1_1' title="bbox 597 367 656 426">
     <span class='ocr_line' id='line_1_1' title="bbox 597 367 656 426; baseline 0.017 -1"><span class='ocrx_word' id='word_1_1' title='bbox 597 367 656 426; x_wconf 75' lang='lat'>102</span> 
     </span>
    </p>
   </div>
   <div class='ocr_carea' id='block_1_2' title="bbox 197 534 905 834">
    <p class='ocr_par' dir='ltr' id='par_1_2' title="bbox 197 534 905 834">
     <span class='ocr_line' id='line_1_2' title="bbox 199 534 881 617; baseline 0.007 -23"><span class='ocrx_word' id='word_1_2' title='bbox 199 534 235 594; x_wconf 89' lang='lat' dir='ltr'>In</span> <span class='ocrx_word' id='word_1_3' title='bbox 249 535 332 596; x_wconf 86' lang='lat' dir='ltr'>vobis</span> <span class='ocrx_word' id='word_1_4' title='bbox 346 535 608 601; x_wconf 70' lang='lat' dir='ltr'>videot‘reuovatar</span> <span class='ocrx_word' id='word_1_5' title='bbox 621 538 714 617; x_wconf 78' lang='lat' dir='ltr'>patria</span> <span class='ocrx_word' id='word_1_6' title='bbox 726 539 830 616; x_wconf 75' lang='lat' dir='ltr'>prisci</span> <span class='ocrx_word' id='word_1_7' title='bbox 861 559 864 564; x_wconf 70' lang='grc'>’</span> <span class='ocrx_word' id='word_1_8' title='bbox 878 559 881 566; x_wconf 52' lang='lat'><em>¹</em></span> 
     </span>
     <span class='ocr_line' id='line_1_3' title="bbox 198 642 905 725; baseline 0.01 -25"><span class='ocrx_word' id='word_1_9' title='bbox 198 642 330 704; x_wconf 83' lang='lat' dir='ltr'><strong>Virtutes</strong></span> <span class='ocrx_word' id='word_1_10' title='bbox 340 646 406 716; x_wconf 87' lang='lat' dir='ltr'>oevi,</span> <span class='ocrx_word' id='word_1_11' title='bbox 421 665 474 706; x_wconf 83' lang='lat' dir='ltr'>uec</span> <span class='ocrx_word' id='word_1_12' title='bbox 482 648 544 725; x_wconf 80' lang='lat' dir='ltr'>jam</span> <span class='ocrx_word' id='word_1_13' title='bbox 559 646 702 706; x_wconf 81' lang='lat' dir='ltr'>desideret</span> <span class='ocrx_word' id='word_1_14' title='bbox 714 647 778 706; x_wconf 86' lang='lat' dir='ltr'>illas</span> <span class='ocrx_word' id='word_1_15' title='bbox 860 669 863 672; x_wconf 92' lang='lat'>·</span> <span class='ocrx_word' id='word_1_16' title='bbox 903 651 905 656; x_wconf 86' lang='grc'><strong>’</strong></span> 
     </span>
     <span class='ocr_line' id='line_1_4' title="bbox 197 753 882 834; baseline 0.007 -23"><span class='ocrx_word' id='word_1_17' title='bbox 197 753 274 828; x_wconf 82' lang='lat' dir='ltr'>Curu</span> <span class='ocrx_word' id='word_1_18' title='bbox 288 754 371 815; x_wconf 81' lang='lat' dir='ltr'>claris</span> <span class='ocrx_word' id='word_1_19' title='bbox 385 756 492 832; x_wconf 78' lang='lat' dir='ltr'>pariter</span> <span class='ocrx_word' id='word_1_20' title='bbox 504 765 600 834; x_wconf 80' lang='lat' dir='ltr'>raptas</span> <span class='ocrx_word' id='word_1_21' title='bbox 614 756 791 834; x_wconf 80' lang='lat' dir='ltr'>majoribus3</span> <span class='ocrx_word' id='word_1_22' title='bbox 811 765 882 816; x_wconf 76' lang='lat' dir='ltr'>aetas</span> 
     </span>
    </p>
   </div>
   <div class='ocr_carea' id='block_1_3' title="bbox 198 859 1138 950">
    <p class='ocr_par' dir='ltr' id='par_1_3' title="bbox 198 859 1138 950">
     <span class='ocr_line' id='line_1_5' title="bbox 198 859 1138 950; baseline 0.006 -31"><span class='ocrx_word' id='word_1_23' title='bbox 198 859 315 921; x_wconf 75' lang='lat' dir='ltr'>Floreat</span> <span class='ocrx_word' id='word_1_24' title='bbox 328 861 390 922; x_wconf 84' lang='lat' dir='ltr'>lraeo</span> <span class='ocrx_word' id='word_1_25' title='bbox 404 883 540 941; x_wconf 70' lang='lat' dir='ltr'>praesens,</span> <span class='ocrx_word' id='word_1_26' title='bbox 556 865 673 924; x_wconf 80' lang='lat' dir='ltr'>imitans</span> <span class='ocrx_word' id='word_1_27' title='bbox 687 883 801 942; x_wconf 88' lang='lat' dir='ltr'>quoque</span> <span class='ocrx_word' id='word_1_28' title='bbox 813 875 894 942; x_wconf 82' lang='lat' dir='ltr'>gesta</span> <span class='ocrx_word' id='word_1_29' title='bbox 906 863 1022 942; x_wconf 84' lang='lat' dir='ltr'>prioris.</span> <span class='ocrx_word' id='word_1_30' title='bbox 1034 869 1036 874; x_wconf 81' lang='grc'>’</span> <span class='ocrx_word' id='word_1_31' title='bbox 1137 947 1138 950; x_wconf 7' lang='grc' dir='ltr'><strong>Ἴ</strong></span> 
     </span>
    </p>
   </div>
   <div class='ocr_carea' id='block_1_4' title="bbox 197 968 1055 1156">
    <p class='ocr_par' dir='ltr' id='par_1_4' title="bbox 197 968 1055 1156">
     <span class='ocr_line' id='line_1_6' title="bbox 197 968 975 1054; baseline 0.008 -28"><span class='ocrx_word' id='word_1_32' title='bbox 197 968 268 1041; x_wconf 91' lang='lat' dir='ltr'>Vos,</span> <span class='ocrx_word' id='word_1_33' title='bbox 285 973 389 1048; x_wconf 87' lang='lat' dir='ltr'>quibus</span> <span class='ocrx_word' id='word_1_34' title='bbox 402 985 447 1032; x_wconf 86' lang='lat' dir='ltr'>est</span> <span class='ocrx_word' id='word_1_35' title='bbox 459 973 569 1032; x_wconf 78' lang='lat' dir='ltr'>aundm</span> <span class='ocrx_word' id='word_1_36' title='bbox 583 973 734 1032; x_wconf 86' lang='lat' dir='ltr'>meliorum</span> <span class='ocrx_word' id='word_1_37' title='bbox 748 973 814 1032; x_wconf 79' lang='lat' dir='ltr'>laeta</span> <span class='ocrx_word' id='word_1_38' title='bbox 822 973 975 1054; x_wconf 80' lang='lat' dir='ltr'>juventus,</span> 
     </span>
     <span class='ocr_line' id='line_1_7' title="bbox 197 1075 1055 1156; baseline 0 -22"><span class='ocrx_word' id='word_1_39' title='bbox 197 1075 254 1136; x_wconf 85' lang='lat' dir='ltr'>Est</span> <span class='ocrx_word' id='word_1_40' title='bbox 268 1079 371 1156; x_wconf 85' lang='lat' dir='ltr'>quibus</span> <span class='ocrx_word' id='word_1_41' title='bbox 386 1079 416 1136; x_wconf 91' lang='lat' dir='ltr'>in</span> <span class='ocrx_word' id='word_1_42' title='bbox 429 1079 505 1138; x_wconf 89' lang='lat' dir='ltr'>bello</span> <span class='ocrx_word' id='word_1_43' title='bbox 519 1079 696 1156; x_wconf 89' lang='lat' dir='ltr'>splendentis</span> <span class='ocrx_word' id='word_1_44' title='bbox 710 1080 836 1138; x_wconf 80' lang='lat' dir='ltr'>nominis</span> <span class='ocrx_word' id='word_1_45' title='bbox 849 1078 945 1149; x_wconf 78' lang='lat' dir='ltr'>ardor,</span> <span class='ocrx_word' id='word_1_46' title='bbox 964 1088 969 1096; x_wconf 86' lang='grc'><em>“</em></span> <span class='ocrx_word' id='word_1_47' title='bbox 1051 1125 1055 1134; x_wconf 83' lang='grc'><em>,</em></span> 
     </span>
    </p>
   </div>
   <div class='ocr_carea' id='block_1_5' title="bbox 152 1185 801 1264">
    <p class='ocr_par' dir='ltr' id='par_1_5' title="bbox 152 1185 801 1264">
     <span class='ocr_line' id='line_1_8' title="bbox 152 1185 801 1264; baseline 0.003 -20"><span class='ocrx_word' id='word_1_48' title='bbox 152 1239 163 1259; x_wconf 74' lang='lat'><em>,</em></span> <span class='ocrx_word' id='word_1_49' title='bbox 198 1185 308 1246; x_wconf 78' lang='lat' dir='ltr'>Hostes</span> <span class='ocrx_word' id='word_1_50' title='bbox 323 1197 456 1245; x_wconf 86' lang='lat' dir='ltr'>externos</span> <span class='ocrx_word' id='word_1_51' title='bbox 470 1187 547 1246; x_wconf 81' lang='lat' dir='ltr'>arvis</span> <span class='ocrx_word' id='word_1_52' title='bbox 561 1187 710 1264; x_wconf 85' lang='lat' dir='ltr'>propellite</span> <span class='ocrx_word' id='word_1_53' title='bbox 723 1188 801 1246; x_wconf 81' lang='lat' dir='ltr'>tutio.</span> 
     </span>
    </p>
   </div>
   <div class='ocr_carea' id='block_1_6' title="bbox 228 1330 1016 1476">
    <p class='ocr_par' dir='ltr' id='par_1_6' title="bbox 228 1330 1016 1476">
     <span class='ocr_line' id='line_1_9' title="bbox 228 1330 1016 1476; baseline 0.003 -20"><span class='ocrx_word' id='word_1_54' title='bbox 228 1330 296 1456; x_wconf 45' lang='lat' dir='ltr'>‘Sed</span> <span class='ocrx_word' id='word_1_55' title='bbox 311 1383 414 1474; x_wconf 82' lang='lat' dir='ltr'>qulbus</span> <span class='ocrx_word' id='word_1_56' title='bbox 428 1408 473 1463; x_wconf 76' lang='lat' dir='ltr'>est</span> <span class='ocrx_word' id='word_1_57' title='bbox 486 1400 581 1476; x_wconf 76' lang='lat' dir='ltr'>potius</span> <span class='ocrx_word' id='word_1_58' title='bbox 595 1399 779 1475; x_wconf 76' lang='lat' dir='ltr'>tranquillam</span> <span class='ocrx_word' id='word_1_59' title='bbox 794 1397 897 1456; x_wconf 90' lang='lat' dir='ltr'>ducere</span> <span class='ocrx_word' id='word_1_60' title='bbox 909 1395 1016 1466; x_wconf 77' lang='lat' dir='ltr'>vitem,</span> 
     </span>
    </p>
   </div>
   <div class='ocr_carea' id='block_1_7' title="bbox 196 1509 968 2342">
    <p class='ocr_par' dir='ltr' id='par_1_7' title="bbox 198 1509 952 1698">
     <span class='ocr_line' id='line_1_10' title="bbox 198 1509 952 1586; baseline -0.001 -18"><span class='ocrx_word' id='word_1_61' title='bbox 198 1509 239 1569; x_wconf 84' lang='lat' dir='ltr'>Et</span> <span class='ocrx_word' id='word_1_62' title='bbox 253 1510 350 1586; x_wconf 84' lang='lat' dir='ltr'>procul</span> <span class='ocrx_word' id='word_1_63' title='bbox 365 1515 381 1566; x_wconf 70' lang='lat' dir='ltr'>a</span> <span class='ocrx_word' id='word_1_64' title='bbox 395 1510 496 1568; x_wconf 82' lang='lat' dir='ltr'>eastris</span> <span class='ocrx_word' id='word_1_65' title='bbox 510 1511 598 1568; x_wconf 86' lang='lat' dir='ltr'>armis</span> <span class='ocrx_word' id='word_1_66' title='bbox 613 1509 776 1586; x_wconf 82' lang='lat' dir='ltr'>rabidisque</span> <span class='ocrx_word' id='word_1_67' title='bbox 790 1518 952 1577; x_wconf 69' lang='lat' dir='ltr'>remotam</span> 
     </span>
     <span class='ocr_line' id='line_1_11' title="bbox 198 1617 834 1698; baseline 0.002 -21"><span class='ocrx_word' id='word_1_68' title='bbox 198 1617 299 1690; x_wconf 89' lang='lat' dir='ltr'>Vobis,</span> <span class='ocrx_word' id='word_1_69' title='bbox 314 1631 344 1678; x_wconf 90' lang='lat' dir='ltr'>et</span> <span class='ocrx_word' id='word_1_70' title='bbox 357 1631 471 1697; x_wconf 85' lang='lat' dir='ltr'>patrum</span> <span class='ocrx_word' id='word_1_71' title='bbox 485 1621 562 1698; x_wconf 86' lang='lat' dir='ltr'>leges</span> <span class='ocrx_word' id='word_1_72' title='bbox 576 1639 690 1680; x_wconf 78' lang='lat' dir='ltr'>servare</span> <span class='ocrx_word' id='word_1_73' title='bbox 704 1630 834 1679; x_wconf 83' lang='lat' dir='ltr'>vetustas</span> 
     </span>
    </p>

    <p class='ocr_par' dir='ltr' id='par_1_8' title="bbox 196 1727 968 2342">
     <span class='ocr_line' id='line_1_12' title="bbox 196 1727 826 1814; baseline -0.005 -28"><span class='ocrx_word' id='word_1_74' title='bbox 196 1727 275 1786; x_wconf 60' lang='lat' dir='ltr'>‘Cura</span> <span class='ocrx_word' id='word_1_75' title='bbox 289 1728 335 1798; x_wconf 90' lang='lat' dir='ltr'>sit,</span> <span class='ocrx_word' id='word_1_76' title='bbox 351 1739 380 1787; x_wconf 89' lang='lat' dir='ltr'>et</span> <span class='ocrx_word' id='word_1_77' title='bbox 395 1729 492 1805; x_wconf 88' lang='lat' dir='ltr'>populi</span> <span class='ocrx_word' id='word_1_78' title='bbox 506 1728 651 1814; x_wconf 80' lang='lat' dir='ltr'>carissima</span> <span class='ocrx_word' id='word_1_79' title='bbox 661 1731 729 1806; x_wconf 88' lang='lat' dir='ltr'>jura</span> <span class='ocrx_word' id='word_1_80' title='bbox 741 1727 826 1795; x_wconf 88' lang='lat' dir='ltr'>tueri,</span> 
     </span>
     <span class='ocr_line' id='line_1_13' title="bbox 199 1833 893 1913; baseline -0.001 -20"><span class='ocrx_word' id='word_1_81' title='bbox 199 1833 404 1912; x_wconf 83' lang='lat' dir='ltr'>Sincerumque</span> <span class='ocrx_word' id='word_1_82' title='bbox 419 1835 478 1894; x_wconf 87' lang='lat' dir='ltr'>Dei</span> <span class='ocrx_word' id='word_1_83' title='bbox 490 1835 609 1906; x_wconf 82' lang='lat' dir='ltr'>cultum,</span> <span class='ocrx_word' id='word_1_84' title='bbox 624 1835 766 1913; x_wconf 85' lang='lat' dir='ltr'>longeque</span> <span class='ocrx_word' id='word_1_85' title='bbox 778 1833 893 1892; x_wconf 81' lang='lat' dir='ltr'>relictas</span> 
     </span>
     <span class='ocr_line' id='line_1_14' title="bbox 198 1940 921 2020; baseline 0 -20"><span class='ocrx_word' id='word_1_86' title='bbox 198 1940 341 2002; x_wconf 87' lang='lat' dir='ltr'>Temnere</span> <span class='ocrx_word' id='word_1_87' title='bbox 356 1943 481 2020; x_wconf 78' lang='lat' dir='ltr'>delicias,</span> <span class='ocrx_word' id='word_1_88' title='bbox 496 1943 588 2020; x_wconf 89' lang='lat' dir='ltr'>turpis</span> <span class='ocrx_word' id='word_1_89' title='bbox 602 1942 678 2001; x_wconf 84' lang='lat' dir='ltr'>mala</span> <span class='ocrx_word' id='word_1_90' title='bbox 689 1941 794 2020; x_wconf 77' lang='lat' dir='ltr'>gaudia</span> <span class='ocrx_word' id='word_1_91' title='bbox 806 1941 921 2000; x_wconf 83' lang='lat' dir='ltr'>mentis.</span> 
     </span>
     <span class='ocr_line' id='line_1_15' title="bbox 198 2049 968 2129; baseline -0.001 -21"><span class='ocrx_word' id='word_1_92' title='bbox 198 2049 258 2109; x_wconf 84' lang='lat' dir='ltr'>Hae</span> <span class='ocrx_word' id='word_1_93' title='bbox 271 2051 325 2108; x_wconf 91' lang='lat' dir='ltr'>tibi</span> <span class='ocrx_word' id='word_1_94' title='bbox 338 2062 424 2110; x_wconf 85' lang='lat' dir='ltr'>eruut</span> <span class='ocrx_word' id='word_1_95' title='bbox 437 2061 531 2120; x_wconf 83' lang='lat' dir='ltr'>artes;</span> <span class='ocrx_word' id='word_1_96' title='bbox 553 2051 602 2120; x_wconf 86' lang='lat' dir='ltr'>sic,</span> <span class='ocrx_word' id='word_1_97' title='bbox 619 2049 724 2121; x_wconf 85' lang='lat' dir='ltr'>Scotia,</span> <span class='ocrx_word' id='word_1_98' title='bbox 738 2049 828 2129; x_wconf 80' lang='lat' dir='ltr'>gloria</span> <span class='ocrx_word' id='word_1_99' title='bbox 840 2059 968 2127; x_wconf 85' lang='lat' dir='ltr'>potrum,</span> 
     </span>
     <span class='ocr_line' id='line_1_16' title="bbox 197 2153 927 2234; baseline 0 -21"><span class='ocrx_word' id='word_1_100' title='bbox 197 2153 301 2227; x_wconf 82' lang='lat' dir='ltr'>Qualis</span> <span class='ocrx_word' id='word_1_101' title='bbox 315 2158 351 2215; x_wconf 84' lang='lat' dir='ltr'>ab</span> <span class='ocrx_word' id='word_1_102' title='bbox 365 2157 479 2234; x_wconf 86' lang='lat' dir='ltr'>incepto</span> <span class='ocrx_word' id='word_1_103' title='bbox 492 2157 670 2234; x_wconf 84' lang='lat' dir='ltr'>processerit,</span> <span class='ocrx_word' id='word_1_104' title='bbox 685 2175 776 2234; x_wconf 88' lang='lat' dir='ltr'>usque</span> <span class='ocrx_word' id='word_1_105' title='bbox 789 2156 927 2227; x_wconf 82' lang='lat' dir='ltr'>monebit,</span> 
     </span>
     <span class='ocr_line' id='line_1_17' title="bbox 197 2261 920 2342; baseline 0.004 -23"><span class='ocrx_word' id='word_1_106' title='bbox 197 2261 342 2321; x_wconf 83' lang='lat' dir='ltr'>Natorum</span> <span class='ocrx_word' id='word_1_107' title='bbox 356 2263 436 2324; x_wconf 81' lang='lat' dir='ltr'>uitiis</span> <span class='ocrx_word' id='word_1_108' title='bbox 451 2283 600 2342; x_wconf 81' lang='lat' dir='ltr'>nunquam</span> <span class='ocrx_word' id='word_1_109' title='bbox 613 2265 755 2324; x_wconf 80' lang='lat' dir='ltr'>maculato</span> <span class='ocrx_word' id='word_1_110' title='bbox 767 2263 920 2342; x_wconf 84' lang='lat' dir='ltr'>pudendis.</span> 
     </span>
    </p>
   </div>
   <div class='ocr_carea' id='block_1_8' title="bbox 685 2399 1020 2463">
    <p class='ocr_par' dir='ltr' id='par_1_9' title="bbox 685 2399 1020 2463">
     <span class='ocr_line' id='line_1_18' title="bbox 685 2399 1020 2463; baseline -0.006 0"><span class='ocrx_word' id='word_1_111' title='bbox 685 2401 688 2406; x_wconf 86' lang='lat'>&#39;</span> <span class='ocrx_word' id='word_1_112' title='bbox 726 2401 766 2463; x_wconf 94' lang='lat' dir='ltr'>D.</span> <span class='ocrx_word' id='word_1_113' title='bbox 782 2399 818 2461; x_wconf 84' lang='lat' dir='ltr'>K.</span> <span class='ocrx_word' id='word_1_114' title='bbox 835 2399 1020 2463; x_wconf 75' lang='lat' dir='ltr'>Sauoroau.</span> 
     </span>
    </p>
   </div>
   <div class='ocr_carea' id='block_1_9' title="bbox 0 0 1156 4000">
    <p class='ocr_par' dir='ltr' id='par_1_10' title="bbox 0 0 1156 4000">
     <span class='ocr_line' id='line_1_19' title="bbox 0 0 1156 4000; baseline 0 0"><span class='ocrx_word' id='word_1_115' title='bbox 0 0 1156 4000; x_wconf 95' lang='lat' dir='ltr'> </span> 
     </span>
    </p>
   </div>
  </div>
 </body>
</html>
