<?xml version="1.0" encoding="UTF-8"?>
<!DOCTYPE html PUBLIC "-//W3C//DTD XHTML 1.0 Transitional//EN"
    "http://www.w3.org/TR/xhtml1/DTD/xhtml1-transitional.dtd">
<html xmlns="http://www.w3.org/1999/xhtml" xml:lang="en" lang="en">
 <head>
  <title>
</title>
<meta http-equiv="Content-Type" content="text/html;charset=utf-8" />
  <meta name='ocr-system' content='tesseract 3.04.00' />
  <meta name='ocr-capabilities' content='ocr_page ocr_carea ocr_par ocr_line ocrx_word'/>
</head>
<body>
  <div class='ocr_page' id='page_1' title='image "./extentaminibusm00schgoog_0048.png"; bbox 0 0 2344 3996; ppageno 0'>
   <div class='ocr_carea' id='block_1_1' title="bbox 509 381 547 436">
    <p class='ocr_par' dir='ltr' id='par_1_1' title="bbox 509 381 547 436">
     <span class='ocr_line' id='line_1_1' title="bbox 509 381 547 436; baseline -0.026 0"><span class='ocrx_word' id='word_1_1' title='bbox 509 381 547 436; x_wconf 72' lang='lat'><strong>21</strong></span> 
     </span>
    </p>
   </div>
   <div class='ocr_carea' id='block_1_2' title="bbox 492 647 552 712">
    <p class='ocr_par' dir='ltr' id='par_1_2' title="bbox 492 647 552 712">
     <span class='ocr_line' id='line_1_2' title="bbox 492 647 552 712; baseline 0.05 -6"><span class='ocrx_word' id='word_1_2' title='bbox 492 647 552 712; x_wconf 91' lang='lat' dir='ltr'><strong>lll.</strong></span> 
     </span>
    </p>
   </div>
   <div class='ocr_carea' id='block_1_3' title="bbox 96 835 856 1592">
    <p class='ocr_par' dir='ltr' id='par_1_3' title="bbox 96 835 856 1592">
     <span class='ocr_line' id='line_1_3' title="bbox 98 835 768 929; baseline -0.007 -6"><span class='ocrx_word' id='word_1_3' title='bbox 98 835 291 923; x_wconf 72' lang='lat' dir='ltr'><strong>Pnuessuo</strong></span> <span class='ocrx_word' id='word_1_4' title='bbox 302 867 421 917; x_wconf 86' lang='lat' dir='ltr'><strong>currunt</strong></span> <span class='ocrx_word' id='word_1_5' title='bbox 431 858 546 917; x_wconf 85' lang='lat' dir='ltr'><strong>aetemis</strong></span> <span class='ocrx_word' id='word_1_6' title='bbox 560 859 676 917; x_wconf 85' lang='lat' dir='ltr'>orbibus</span> <span class='ocrx_word' id='word_1_7' title='bbox 690 861 768 929; x_wconf 87' lang='lat' dir='ltr'><strong>anni,</strong></span> 
     </span>
     <span class='ocr_line' id='line_1_4' title="bbox 139 967 725 1048; baseline -0.005 -17"><span class='ocrx_word' id='word_1_8' title='bbox 139 969 185 1031; x_wconf 86' lang='lat' dir='ltr'><strong>Ut</strong></span> <span class='ocrx_word' id='word_1_9' title='bbox 198 967 304 1027; x_wconf 86' lang='lat' dir='ltr'><strong>fluvius</strong></span> <span class='ocrx_word' id='word_1_10' title='bbox 317 967 400 1045; x_wconf 89' lang='lat' dir='ltr'><strong>lapsu</strong></span> <span class='ocrx_word' id='word_1_11' title='bbox 413 967 503 1026; x_wconf 83' lang='lat' dir='ltr'><strong>currit</strong></span> <span class='ocrx_word' id='word_1_12' title='bbox 516 967 546 1025; x_wconf 90' lang='lat' dir='ltr'><strong>in</strong></span> <span class='ocrx_word' id='word_1_13' title='bbox 560 986 630 1026; x_wconf 81' lang='lat' dir='ltr'><strong>atvs</strong></span> <span class='ocrx_word' id='word_1_14' title='bbox 642 988 725 1048; x_wconf 85' lang='lat' dir='ltr'><strong>vago.</strong></span> 
     </span>
     <span class='ocr_line' id='line_1_5' title="bbox 97 1071 751 1150; baseline 0.005 -16"><span class='ocrx_word' id='word_1_15' title='bbox 97 1074 220 1136; x_wconf 87' lang='lat' dir='ltr'><strong>Vertice</strong></span> <span class='ocrx_word' id='word_1_16' title='bbox 233 1084 381 1144; x_wconf 86' lang='lat' dir='ltr'><strong>montano,</strong></span> <span class='ocrx_word' id='word_1_17' title='bbox 402 1073 482 1132; x_wconf 90' lang='lat' dir='ltr'><strong>nullo</strong></span> <span class='ocrx_word' id='word_1_18' title='bbox 495 1071 663 1134; x_wconf 86' lang='lat' dir='ltr'><strong>revocabilis</strong></span> <span class='ocrx_word' id='word_1_19' title='bbox 677 1097 751 1150; x_wconf 84' lang='lat' dir='ltr'>aevo,</span> 
     </span>
     <span class='ocr_line' id='line_1_6' title="bbox 141 1183 779 1264; baseline 0.006 -21"><span class='ocrx_word' id='word_1_20' title='bbox 141 1183 252 1263; x_wconf 86' lang='lat' dir='ltr'><strong>Impete</strong></span> <span class='ocrx_word' id='word_1_21' title='bbox 265 1184 424 1262; x_wconf 78' lang='lat' dir='ltr'><strong>praecipites</strong></span> <span class='ocrx_word' id='word_1_22' title='bbox 438 1185 468 1241; x_wconf 93' lang='lat' dir='ltr'><strong>in</strong></span> <span class='ocrx_word' id='word_1_23' title='bbox 482 1204 561 1243; x_wconf 80' lang='lat' dir='ltr'><strong>mare</strong></span> <span class='ocrx_word' id='word_1_24' title='bbox 575 1186 668 1245; x_wconf 87' lang='lat' dir='ltr'><strong>volvit</strong></span> <span class='ocrx_word' id='word_1_25' title='bbox 682 1206 779 1264; x_wconf 83' lang='lat' dir='ltr'><strong>equas.</strong></span> 
     </span>
     <span class='ocr_line' id='line_1_7' title="bbox 96 1292 735 1372; baseline -0.002 -19"><span class='ocrx_word' id='word_1_26' title='bbox 96 1293 148 1353; x_wconf 87' lang='lat' dir='ltr'><strong>Sic</strong></span> <span class='ocrx_word' id='word_1_27' title='bbox 161 1292 241 1352; x_wconf 91' lang='lat' dir='ltr'><strong>volat</strong></span> <span class='ocrx_word' id='word_1_28' title='bbox 253 1302 283 1351; x_wconf 91' lang='lat' dir='ltr'><strong>et</strong></span> <span class='ocrx_word' id='word_1_29' title='bbox 295 1302 409 1369; x_wconf 87' lang='lat' dir='ltr'><strong>tempus</strong></span> <span class='ocrx_word' id='word_1_30' title='bbox 418 1293 515 1372; x_wconf 84' lang='lat' dir='ltr'><strong>jaculo</strong></span> <span class='ocrx_word' id='word_1_31' title='bbox 527 1293 652 1352; x_wconf 88' lang='lat' dir='ltr'><strong>velocius</strong></span> <span class='ocrx_word' id='word_1_32' title='bbox 666 1295 735 1365; x_wconf 86' lang='lat' dir='ltr'><strong>ullo,</strong></span> 
     </span>
     <span class='ocr_line' id='line_1_8' title="bbox 137 1387 856 1480; baseline 0.003 -19"><span class='ocrx_word' id='word_1_33' title='bbox 137 1387 268 1480; x_wconf 76' lang='lat' dir='ltr'><strong>Lepsum</strong></span> <span class='ocrx_word' id='word_1_34' title='bbox 282 1395 370 1461; x_wconf 58' lang='lat' dir='ltr'><strong>nemo&#39;</strong></span> <span class='ocrx_word' id='word_1_35' title='bbox 382 1412 476 1480; x_wconf 91' lang='lat' dir='ltr'><strong>potest</strong></span> <span class='ocrx_word' id='word_1_36' title='bbox 486 1401 561 1461; x_wconf 89' lang='lat' dir='ltr'><strong>heu!</strong></span> <span class='ocrx_word' id='word_1_37' title='bbox 583 1422 716 1463; x_wconf 84' lang='lat' dir='ltr'><strong>revocare</strong></span> <span class='ocrx_word' id='word_1_38' title='bbox 730 1404 816 1464; x_wconf 85' lang='lat' dir='ltr'><strong>diem.</strong></span> <span class='ocrx_word' id='word_1_39' title='bbox 855 1417 856 1422; x_wconf 76' lang='grc'>’</span> 
     </span>
     <span class='ocr_line' id='line_1_9' title="bbox 96 1511 749 1592; baseline 0.005 -23"><span class='ocrx_word' id='word_1_40' title='bbox 96 1512 191 1572; x_wconf 84' lang='lat' dir='ltr'><strong>Venit</strong></span> <span class='ocrx_word' id='word_1_41' title='bbox 204 1511 277 1572; x_wconf 86' lang='lat' dir='ltr'><strong>festa</strong></span> <span class='ocrx_word' id='word_1_42' title='bbox 289 1511 361 1582; x_wconf 79' lang='lat' dir='ltr'><strong>(lies,</strong></span> <span class='ocrx_word' id='word_1_43' title='bbox 383 1511 510 1570; x_wconf 80' lang='lat' dir='ltr'><strong>solennia</strong></span> <span class='ocrx_word' id='word_1_44' title='bbox 523 1511 628 1592; x_wconf 67' lang='lat' dir='ltr'><strong>gaudia</strong></span> <span class='ocrx_word' id='word_1_45' title='bbox 641 1532 749 1585; x_wconf 86' lang='lat' dir='ltr'><strong>rursus,</strong></span> 
     </span>
    </p>
   </div>
   <div class='ocr_carea' id='block_1_4' title="bbox 93 1621 934 1913">
    <p class='ocr_par' dir='ltr' id='par_1_4' title="bbox 93 1621 934 1913">
     <span class='ocr_line' id='line_1_10' title="bbox 135 1621 803 1700; baseline 0 -18"><span class='ocrx_word' id='word_1_46' title='bbox 135 1621 236 1699; x_wconf 83' lang='lat' dir='ltr'><strong>Atque</strong></span> <span class='ocrx_word' id='word_1_47' title='bbox 250 1621 318 1680; x_wconf 91' lang='lat' dir='ltr'><strong>novi</strong></span> <span class='ocrx_word' id='word_1_48' title='bbox 332 1621 462 1680; x_wconf 88' lang='lat' dir='ltr'><strong>stimulat</strong></span> <span class='ocrx_word' id='word_1_49' title='bbox 475 1621 581 1679; x_wconf 86' lang='lat' dir='ltr'><strong>mobile</strong></span> <span class='ocrx_word' id='word_1_50' title='bbox 595 1622 699 1700; x_wconf 86' lang='lat' dir='ltr'><strong>vulgus</strong></span> <span class='ocrx_word' id='word_1_51' title='bbox 713 1643 803 1682; x_wconf 85' lang='lat' dir='ltr'><strong>amor.</strong></span> 
     </span>
     <span class='ocr_line' id='line_1_11' title="bbox 93 1728 934 1811; baseline 0 -20"><span class='ocrx_word' id='word_1_52' title='bbox 93 1731 306 1792; x_wconf 80' lang='lat' dir='ltr'><strong>Concelebiant</strong></span> <span class='ocrx_word' id='word_1_53' title='bbox 319 1748 428 1788; x_wconf 87' lang='lat' dir='ltr'><strong>annum</strong></span> <span class='ocrx_word' id='word_1_54' title='bbox 442 1728 579 1787; x_wconf 72' lang='lat' dir='ltr'><strong>saltantes</strong></span> <span class='ocrx_word' id='word_1_55' title='bbox 593 1731 722 1789; x_wconf 85' lang='lat' dir='ltr'><strong>cominus</strong></span> <span class='ocrx_word' id='word_1_56' title='bbox 737 1751 846 1801; x_wconf 85' lang='lat' dir='ltr'><strong>omnes,</strong></span> <span class='ocrx_word' id='word_1_57' title='bbox 930 1793 934 1811; x_wconf 53' lang='lat'><em>,</em></span> 
     </span>
     <span class='ocr_line' id='line_1_12' title="bbox 135 1827 758 1913; baseline 0 -17"><span class='ocrx_word' id='word_1_58' title='bbox 135 1838 194 1896; x_wconf 87' lang='lat' dir='ltr'><strong>Per</strong></span> <span class='ocrx_word' id='word_1_59' title='bbox 206 1837 284 1896; x_wconf 86' lang='lat' dir='ltr'><strong>vicos</strong></span> <span class='ocrx_word' id='word_1_60' title='bbox 297 1855 398 1894; x_wconf 84' lang='lat' dir='ltr'><strong>omnes</strong></span> <span class='ocrx_word' id='word_1_61' title='bbox 412 1827 542 1913; x_wconf 82' lang='lat' dir='ltr'><strong>improba</strong></span> <span class='ocrx_word' id='word_1_62' title='bbox 556 1837 641 1896; x_wconf 88' lang='lat' dir='ltr'><strong>turba</strong></span> <span class='ocrx_word' id='word_1_63' title='bbox 653 1835 758 1896; x_wconf 86' lang='lat' dir='ltr'><strong>fremit.</strong></span> 
     </span>
    </p>
   </div>
   <div class='ocr_carea' id='block_1_5' title="bbox 89 1947 950 3443">
    <p class='ocr_par' dir='ltr' id='par_1_5' title="bbox 92 1947 797 2133">
     <span class='ocr_line' id='line_1_13' title="bbox 92 1947 797 2025; baseline -0.006 -17"><span class='ocrx_word' id='word_1_64' title='bbox 92 1949 264 2008; x_wconf 81' lang='lat' dir='ltr'><strong>Instaurant</strong></span> <span class='ocrx_word' id='word_1_65' title='bbox 277 1948 384 2025; x_wconf 86' lang='lat' dir='ltr'><strong>epulas,</strong></span> <span class='ocrx_word' id='word_1_66' title='bbox 405 1947 484 2008; x_wconf 86' lang='lat' dir='ltr'><strong>lauta</strong></span> <span class='ocrx_word' id='word_1_67' title='bbox 497 1957 526 2004; x_wconf 90' lang='lat' dir='ltr'><strong>et</strong></span> <span class='ocrx_word' id='word_1_68' title='bbox 537 1947 671 2006; x_wconf 87' lang='lat' dir='ltr'><strong>convivia</strong></span> <span class='ocrx_word' id='word_1_69' title='bbox 684 1948 797 2017; x_wconf 79' lang='lat' dir='ltr'><strong>cuncti3</strong></span> 
     </span>
     <span class='ocr_line' id='line_1_14' title="bbox 135 2053 669 2133; baseline -0.004 -17"><span class='ocrx_word' id='word_1_70' title='bbox 135 2055 274 2133; x_wconf 89' lang='lat' dir='ltr'><strong>Undique</strong></span> <span class='ocrx_word' id='word_1_71' title='bbox 288 2054 414 2113; x_wconf 83' lang='lat' dir='ltr'><strong>luxuiies</strong></span> <span class='ocrx_word' id='word_1_72' title='bbox 428 2053 571 2114; x_wconf 83' lang='lat' dir='ltr'><strong>desidiosa</strong></span> <span class='ocrx_word' id='word_1_73' title='bbox 584 2055 669 2114; x_wconf 82' lang='lat' dir='ltr'><strong>valet</strong></span> 
     </span>
    </p>

    <p class='ocr_par' dir='ltr' id='par_1_6' title="bbox 89 2141 769 2350">
     <span class='ocr_line' id='line_1_15' title="bbox 89 2141 769 2241; baseline 0.003 -19"><span class='ocrx_word' id='word_1_74' title='bbox 89 2163 144 2224; x_wconf 89' lang='lat' dir='ltr'><strong>Ad</strong></span> <span class='ocrx_word' id='word_1_75' title='bbox 158 2164 248 2223; x_wconf 88' lang='lat' dir='ltr'><strong>risum</strong></span> <span class='ocrx_word' id='word_1_76' title='bbox 262 2163 368 2222; x_wconf 85' lang='lat' dir='ltr'><strong>salibus</strong></span> <span class='ocrx_word' id='word_1_77' title='bbox 374 2149 375 2154; x_wconf 8' lang='grc' dir='ltr'>ἵ</span> <span class='ocrx_word' id='word_1_78' title='bbox 376 2141 514 2241; x_wconf 83' lang='lat' dir='ltr'><strong>jucundis</strong></span> <span class='ocrx_word' id='word_1_79' title='bbox 528 2165 613 2222; x_wconf 85' lang='lat' dir='ltr'><strong>turba</strong></span> <span class='ocrx_word' id='word_1_80' title='bbox 626 2176 769 2236; x_wconf 83' lang='lat' dir='ltr'><strong>mouetur,</strong></span> 
     </span>
     <span class='ocr_line' id='line_1_16' title="bbox 135 2270 734 2350; baseline 0.005 -21"><span class='ocrx_word' id='word_1_81' title='bbox 135 2270 269 2350; x_wconf 81' lang='lat' dir='ltr'><strong>Largiter</strong></span> <span class='ocrx_word' id='word_1_82' title='bbox 282 2281 313 2330; x_wconf 86' lang='lat' dir='ltr'><strong>et</strong></span> <span class='ocrx_word' id='word_1_83' title='bbox 326 2270 396 2330; x_wconf 85' lang='lat' dir='ltr'><strong>vino</strong></span> <span class='ocrx_word' id='word_1_84' title='bbox 410 2272 513 2348; x_wconf 85' lang='lat' dir='ltr'><strong>pocula</strong></span> <span class='ocrx_word' id='word_1_85' title='bbox 526 2271 610 2350; x_wconf 88' lang='lat' dir='ltr'><strong>plena</strong></span> <span class='ocrx_word' id='word_1_86' title='bbox 623 2272 734 2332; x_wconf 85' lang='lat' dir='ltr'><strong>bibunt.</strong></span> 
     </span>
    </p>

    <p class='ocr_par' dir='ltr' id='par_1_7' title="bbox 96 2377 879 2568">
     <span class='ocr_line' id='line_1_17' title="bbox 96 2377 833 2464; baseline 0.007 -26"><span class='ocrx_word' id='word_1_87' title='bbox 96 2380 168 2464; x_wconf 77' lang='lat' dir='ltr'><strong>Nan</strong></span> <span class='ocrx_word' id='word_1_88' title='bbox 181 2377 247 2438; x_wconf 70' lang='grc' dir='ltr'><strong>τιτὸ</strong></span> <span class='ocrx_word' id='word_1_89' title='bbox 260 2380 377 2458; x_wconf 87' lang='lat' dir='ltr'><strong>capiunt</strong></span> <span class='ocrx_word' id='word_1_90' title='bbox 390 2381 547 2440; x_wconf 84' lang='lat' dir='ltr'><strong>multorum</strong></span> <span class='ocrx_word' id='word_1_91' title='bbox 561 2381 631 2440; x_wconf 85' lang='lat' dir='ltr'><strong>talia</strong></span> <span class='ocrx_word' id='word_1_92' title='bbox 643 2391 765 2454; x_wconf 81' lang='lat' dir='ltr'><strong>mentes,</strong></span> <span class='ocrx_word' id='word_1_93' title='bbox 830 2417 833 2424; x_wconf 95' lang='lat'>·</span> 
     </span>
     <span class='ocr_line' id='line_1_18' title="bbox 120 2488 879 2568; baseline -0.004 -19"><span class='ocrx_word' id='word_1_94' title='bbox 120 2555 123 2560; x_wconf 59' lang='grc'>,</span> <span class='ocrx_word' id='word_1_95' title='bbox 135 2489 258 2549; x_wconf 86' lang='lat' dir='ltr'><strong>Annum</strong></span> <span class='ocrx_word' id='word_1_96' title='bbox 272 2507 415 2564; x_wconf 83' lang='lat' dir='ltr'><strong>quemque</strong></span> <span class='ocrx_word' id='word_1_97' title='bbox 429 2507 538 2546; x_wconf 87' lang='lat' dir='ltr'><strong>novum</strong></span> <span class='ocrx_word' id='word_1_98' title='bbox 552 2488 623 2545; x_wconf 88' lang='lat' dir='ltr'><strong>dum</strong></span> <span class='ocrx_word' id='word_1_99' title='bbox 637 2490 778 2551; x_wconf 79' lang='lat' dir='ltr'><strong>celebrare</strong></span> <span class='ocrx_word' id='word_1_100' title='bbox 785 2492 879 2568; x_wconf 78' lang='lat' dir='ltr'><strong>juvat</strong></span> 
     </span>
    </p>

    <p class='ocr_par' dir='ltr' id='par_1_8' title="bbox 96 2593 837 2784">
     <span class='ocr_line' id='line_1_19' title="bbox 96 2593 837 2672; baseline -0.003 -15"><span class='ocrx_word' id='word_1_101' title='bbox 96 2595 171 2657; x_wconf 86' lang='lat' dir='ltr'><strong>Sunt</strong></span> <span class='ocrx_word' id='word_1_102' title='bbox 183 2596 232 2654; x_wconf 82' lang='lat' dir='ltr'><strong>alii</strong></span> <span class='ocrx_word' id='word_1_103' title='bbox 246 2607 361 2672; x_wconf 82' lang='lat' dir='ltr'><strong>tempus</strong></span> <span class='ocrx_word' id='word_1_104' title='bbox 376 2613 448 2672; x_wconf 87' lang='lat' dir='ltr'><strong>quos</strong></span> <span class='ocrx_word' id='word_1_105' title='bbox 461 2613 520 2651; x_wconf 88' lang='lat' dir='ltr'><strong>non</strong></span> <span class='ocrx_word' id='word_1_106' title='bbox 529 2595 616 2672; x_wconf 80' lang='lat' dir='ltr'><strong>juvat</strong></span> <span class='ocrx_word' id='word_1_107' title='bbox 629 2593 707 2654; x_wconf 84' lang='lat' dir='ltr'><strong>hisee</strong></span> <span class='ocrx_word' id='word_1_108' title='bbox 720 2615 837 2666; x_wconf 82' lang='lat' dir='ltr'><strong>vovera,</strong></span> 
     </span>
     <span class='ocr_line' id='line_1_20' title="bbox 136 2703 767 2784; baseline -0.005 -17"><span class='ocrx_word' id='word_1_109' title='bbox 136 2707 358 2784; x_wconf 78' lang='lat' dir='ltr'><strong>Praeteritosque</strong></span> <span class='ocrx_word' id='word_1_110' title='bbox 372 2706 433 2766; x_wconf 87' lang='lat' dir='ltr'><strong>dies</strong></span> <span class='ocrx_word' id='word_1_111' title='bbox 448 2705 497 2782; x_wconf 91' lang='lat' dir='ltr'><strong>qui</strong></span> <span class='ocrx_word' id='word_1_112' title='bbox 511 2714 641 2781; x_wconf 71' lang='lat' dir='ltr'><strong>reputare</strong></span> <span class='ocrx_word' id='word_1_113' title='bbox 655 2703 749 2764; x_wconf 79' lang='lat' dir='ltr'><strong>solent</strong></span> <span class='ocrx_word' id='word_1_114' title='bbox 756 2725 767 2776; x_wconf 88' lang='lat'>;</span> 
     </span>
    </p>

    <p class='ocr_par' dir='ltr' id='par_1_9' title="bbox 92 2812 830 3006">
     <span class='ocr_line' id='line_1_21' title="bbox 92 2812 830 2892; baseline -0.005 -16"><span class='ocrx_word' id='word_1_115' title='bbox 92 2814 177 2890; x_wconf 82' lang='lat' dir='ltr'><strong>Quot</strong></span> <span class='ocrx_word' id='word_1_116' title='bbox 189 2825 287 2874; x_wconf 87' lang='lat' dir='ltr'><strong>motus</strong></span> <span class='ocrx_word' id='word_1_117' title='bbox 299 2813 448 2892; x_wconf 75' lang='lat' dir='ltr'><strong>cedesque</strong></span> <span class='ocrx_word' id='word_1_118' title='bbox 462 2831 539 2871; x_wconf 83' lang='lat' dir='ltr'><strong>anno</strong></span> <span class='ocrx_word' id='word_1_119' title='bbox 551 2812 673 2872; x_wconf 68' lang='lat' dir='ltr'><strong>evenere</strong></span> <span class='ocrx_word' id='word_1_120' title='bbox 687 2831 830 2892; x_wconf 88' lang='lat' dir='ltr'><strong>supremo,</strong></span> 
     </span>
     <span class='ocr_line' id='line_1_22' title="bbox 136 2923 720 3006; baseline -0.009 -17"><span class='ocrx_word' id='word_1_121' title='bbox 136 2926 273 2989; x_wconf 84' lang='lat' dir='ltr'><strong>Terribili</strong></span> <span class='ocrx_word' id='word_1_122' title='bbox 286 2937 387 3006; x_wconf 85' lang='lat' dir='ltr'><strong>gentes</strong></span> <span class='ocrx_word' id='word_1_123' title='bbox 401 2935 471 3003; x_wconf 86' lang='lat' dir='ltr'><strong>quot</strong></span> <span class='ocrx_word' id='word_1_124' title='bbox 484 2923 610 2984; x_wconf 72' lang='lat' dir='ltr'><strong>cecidere</strong></span> <span class='ocrx_word' id='word_1_125' title='bbox 623 2943 720 2988; x_wconf 80' lang='lat' dir='ltr'><strong>manu.</strong></span> 
     </span>
    </p>

    <p class='ocr_par' dir='ltr' id='par_1_10' title="bbox 89 3023 950 3224">
     <span class='ocr_line' id='line_1_23' title="bbox 89 3023 950 3114; baseline -0.001 -19"><span class='ocrx_word' id='word_1_126' title='bbox 89 3034 135 3095; x_wconf 86' lang='lat' dir='ltr'><strong>Et</strong></span> <span class='ocrx_word' id='word_1_127' title='bbox 148 3045 231 3114; x_wconf 82' lang='lat' dir='ltr'><strong>grato</strong></span> <span class='ocrx_word' id='word_1_128' title='bbox 245 3045 380 3112; x_wconf 78' lang='lat' dir='ltr'><strong>reputant</strong></span> <span class='ocrx_word' id='word_1_129' title='bbox 393 3034 490 3092; x_wconf 87' lang='lat' dir='ltr'><strong>animo</strong></span> <span class='ocrx_word' id='word_1_130' title='bbox 504 3051 556 3090; x_wconf 85' lang='lat' dir='ltr'><strong>aua</strong></span> <span class='ocrx_word' id='word_1_131' title='bbox 569 3032 722 3093; x_wconf 73' lang='lat' dir='ltr'><strong>commoda</strong></span> <span class='ocrx_word' id='word_1_132' title='bbox 733 3045 837 3096; x_wconf 76' lang='lat' dir='ltr'><strong>cuncta</strong></span> <span class='ocrx_word' id='word_1_133' title='bbox 869 3023 879 3039; x_wconf 53' lang='lat'>⁸</span> <span class='ocrx_word' id='word_1_134' title='bbox 946 3035 950 3040; x_wconf 81' lang='grc'><strong>’</strong></span> 
     </span>
     <span class='ocr_line' id='line_1_24' title="bbox 132 3143 672 3224; baseline -0.002 -19"><span class='ocrx_word' id='word_1_135' title='bbox 132 3145 217 3205; x_wconf 87' lang='lat' dir='ltr'><strong>Anni</strong></span> <span class='ocrx_word' id='word_1_136' title='bbox 231 3146 378 3224; x_wconf 71' lang='lat' dir='ltr'><strong>preteriti,</strong></span> <span class='ocrx_word' id='word_1_137' title='bbox 399 3143 575 3220; x_wconf 67' lang='lat' dir='ltr'><strong>tristitifique</strong></span> <span class='ocrx_word' id='word_1_138' title='bbox 587 3143 672 3204; x_wconf 84' lang='lat' dir='ltr'><strong>mala.</strong></span> 
     </span>
    </p>

    <p class='ocr_par' dir='ltr' id='par_1_11' title="bbox 89 3251 949 3443">
     <span class='ocr_line' id='line_1_25' title="bbox 89 3251 949 3334; baseline -0.005 -19"><span class='ocrx_word' id='word_1_139' title='bbox 89 3253 136 3315; x_wconf 89' lang='lat' dir='ltr'><strong>Et</strong></span> <span class='ocrx_word' id='word_1_140' title='bbox 150 3255 176 3314; x_wconf 83' lang='lat' dir='ltr'><strong>si</strong></span> <span class='ocrx_word' id='word_1_141' title='bbox 184 3256 252 3333; x_wconf 87' lang='lat' dir='ltr'><strong>jam</strong></span> <span class='ocrx_word' id='word_1_142' title='bbox 262 3254 343 3334; x_wconf 84' lang='lat' dir='ltr'><strong>lapso</strong></span> <span class='ocrx_word' id='word_1_143' title='bbox 356 3255 510 3314; x_wconf 84' lang='lat' dir='ltr'><strong>voluerunt</strong></span> <span class='ocrx_word' id='word_1_144' title='bbox 524 3263 653 3330; x_wconf 84' lang='lat' dir='ltr'><strong>tempore</strong></span> <span class='ocrx_word' id='word_1_145' title='bbox 661 3254 751 3327; x_wconf 86' lang='lat' dir='ltr'><strong>abuti,</strong></span> <span class='ocrx_word' id='word_1_146' title='bbox 829 3295 833 3304; x_wconf 87' lang='lat'>-</span> <span class='ocrx_word' id='word_1_147' title='bbox 944 3251 949 3260; x_wconf 87' lang='lat'>&#39;</span> 
     </span>
     <span class='ocr_line' id='line_1_26' title="bbox 135 3359 834 3443; baseline 0.001 -21"><span class='ocrx_word' id='word_1_148' title='bbox 135 3359 263 3424; x_wconf 84' lang='lat' dir='ltr'><strong>Solertes</strong></span> <span class='ocrx_word' id='word_1_149' title='bbox 278 3371 409 3424; x_wconf 87' lang='lat' dir='ltr'><strong>statuunt</strong></span> <span class='ocrx_word' id='word_1_150' title='bbox 422 3373 452 3423; x_wconf 85' lang='lat' dir='ltr'><strong>et</strong></span> <span class='ocrx_word' id='word_1_151' title='bbox 465 3362 557 3443; x_wconf 83' lang='lat' dir='ltr'><strong>magis</strong></span> <span class='ocrx_word' id='word_1_152' title='bbox 570 3381 633 3423; x_wconf 83' lang='lat' dir='ltr'><strong>essa</strong></span> <span class='ocrx_word' id='word_1_153' title='bbox 644 3361 723 3424; x_wconf 85' lang='lat' dir='ltr'><strong>boni.</strong></span> <span class='ocrx_word' id='word_1_154' title='bbox 817 3369 834 3410; x_wconf 81' lang='lat'><strong>·&#39;</strong></span> 
     </span>
    </p>
   </div>
   <div class='ocr_carea' id='block_1_6' title="bbox 0 0 1176 3996">
    <p class='ocr_par' dir='ltr' id='par_1_12' title="bbox 0 0 1176 3996">
     <span class='ocr_line' id='line_1_27' title="bbox 0 0 1176 3996; baseline 0 4"><span class='ocrx_word' id='word_1_155' title='bbox 0 0 1176 3996; x_wconf 95' lang='lat' dir='ltr'><strong> </strong></span> 
     </span>
    </p>
   </div>
  </div>
 </body>
</html>
