2344 3996
553 333 574 396 9

354 619 586 682 ruvrurus
605 621 770 684 suumn.
819 603 822 608 '

556 857 581 915 1.

139 1009 173 1098 J
177 1055 220 1096 ru
233 1055 310 1096 nunc
323 1037 430 1096 maturi
443 1035 568 1094 cecidere
581 1055 618 1096 ex
631 1040 731 1098 erbore
744 1038 862 1114 fruetus,
988 1103 990 1108 ,

183 1143 305 1223 Soleque
318 1155 399 1204 coctu
411 1143 462 1202 diu
475 1144 553 1222 spice
566 1156 675 1206 resecta
686 1145 751 1208 suit

138 1251 258 1312 Decidit
271 1262 301 1312 et
313 1248 427 1322 folium,
440 1250 536 1310 nudus
549 1263 711 1330 tenuesque
725 1254 850 1328 relictus,

180 1361 295 1420 Albicet
307 1371 338 1420 et
351 1378 470 1440 gramen
483 1359 570 1420 molle
582 1360 701 1439 repente
713 1364 789 1442 gelu.

111 1468 257 1544 chccno
271 1468 394 1528 nimium
406 1480 560 1548 properent
573 1489 604 1530 se
616 1470 727 1550 tingere
741 1472 830 1546 soles;
930 1449 933 1455 Ι

178 1575 324 1657 Majorern
336 1590 451 1638 noctem
465 1579 594 1658 Cynthia
606 1578 655 1638 dia
667 1581 741 1660 regit
750 1602 762 1652 ;

137 1685 285 1743 Imbribus
299 1696 329 1744 et
342 1685 449 1757 densis,
463 1697 494 1746 ct
507 1687 599 1746 multi
612 1687 751 1767 grandine
764 1690 865 1761 nimbi,

180 1793 362 1854 Culminibus
375 1795 526 1873 crepitent,
541 1795 686 1874 dabisque
699 1816 784 1858 rauca
797 1809 909 1858 sonant.

136 1904 372 1984 Lanigerumque
385 1925 472 1984 pecus
485 1926 544 1966 non
553 1907 617 1986 jem
630 1907 745 1968 loetutur
757 1909 788 1968 in
802 1909 889 1980 ervis,

155 2049 157 2056 ι
179 2014 272 2092 Atqui
286 2033 353 2072 rura
365 2011 450 2094 fugit,
461 2017 525 2095 jem
539 2017 715 2094 stabulisque
728 2029 846 2090 manetr

139 2121 188 2182 Ex
202 2123 277 2203 agris
291 2122 397 2184 cedunt
410 2121 542 2184 homines
555 2145 589 2184 uc
602 2135 678 2184 tectu
690 2127 850 2204 requirunt,

181 2229 223 2290 Et
235 2242 326 2290 terras
342 2241 464 2292 verrunt
476 2229 595 2292 flamina
607 2252 685 2292 saeva
697 2234 765 2312 poli.

140 2337 171 2398 0
184 2337 263 2410 felix,
277 2340 324 2398 cui
338 2339 448 2400 munda
461 2339 585 2412 domus;
605 2339 789 2420 foculumque
802 2341 911 2423 replere

126 2467 130 2478 ’
180 2437 311 2507 Carbone
324 2447 453 2518 ardente,
466 2447 664 2528 fusticulisque
678 2449 771 2510 detur.
813 2529 815 2536 Ι

141 2529 328 2618 Fortunatior
341 2557 398 2630 ille,
408 2559 516 2638 juvant
529 2578 727 2636 quemcunque
740 2559 837 2631 libelli,

181 2665 301 2743 Quique
315 2666 436 2746 legendo
449 2677 545 2746 potest
557 2667 623 2745 igne
636 2666 745 2726 calente
758 2665 824 2726 frui.

141 2776 201 2838 Ter
215 2787 359 2854 quateret
372 2775 449 2838 certe
462 2776 531 2836 felix
544 2777 595 2854 qui
608 2779 716 2856 proebct
728 2797 819 2858 egeno

182 2883 259 2957 Quae
272 2885 327 2946 sibi
341 2887 494 2966 congessit,
509 2887 728 2966 pauperiemque
741 2885 828 2948 levet.

711 3024 790 3086 Gur..
802 3023 957 3085 Menneu.
