2344 3996
512 307 549 368 17

489 533 542 594 1v.

87 677 195 772 Qun>
209 705 295 768 docet·
304 701 406 764 heroas
418 674 487 764 belli
499 703 620 766 tolerare
633 704 753 778 labores,

131 816 299 898 Crmctaque
312 811 725 893 militioetaediaserrejuvat?
875 902 879 909 Ι

88 925 163 994 Aut,
177 923 227 980 ubi
241 941 318 980 nune
331 922 438 999 passim
451 921 607 980 metuenda
619 921 744 1000 pericula
757 931 886 1002 surgunt,

134 1029 274 1100 Sustinet,
288 1039 318 1088 et
331 1029 407 1088 vires
421 1029 519 1108 adjicit
533 1049 623 1106 usque
636 1049 747 1101 novas3

92 1138 164 1209 Hie,
179 1139 227 1196 ubi
241 1139 395 1196 turbantur
408 1137 595 1198 stridentibus
610 1158 725 1216 equora
738 1139 844 1210 ventis,

132 1246 225 1305 Navis
238 1256 269 1306 et
282 1245 379 1304 infidis
393 1244 526 1306 fluctibus
541 1256 604 1306 acta
616 1247 735 1318 tremit3
781 1285 782 1290 κ
875 1297 878 1306 .

92 1354 167 1424 lllic,
181 1363 347 1431 exspectant
359 1353 409 1412 ubi
423 1353 529 1414 strictis
542 1355 659 1414 ensibus
671 1354 779 1426 hostes,

133 1461 175 1522 Et
188 1471 311 1520 mortem
325 1460 448 1534 tristem,
463 1481 596 1541 saeveque
610 1463 704 1522 vinela
717 1465 842 1540 perant?

93 1570 176 1646 Quid
189 1571 369 1651 pugnantium
382 1571 494 1632 animos
509 1572 546 1633 ad
561 1573 617 1632 diri
631 1572 731 1650 proelia
745 1571 851 1634 Mans

134 1680 239 1759 Erigit,
253 1690 283 1740 et
295 1680 407 1758 trepide
418 1680 507 1772 cerda
520 1680 613 1744 soluta
623 1692 703 1740 metu
710 1703 721 1751 ς

93 1791 245 1870 Oppositis
259 1791 333 1850 acies
346 1787 414 1853 edm
428 1790 525 1853 densae
538 1787 680 1848 frontibus
693 1789 820 1860 adstant,

135 1896 694 1960 Etrabiecoeeitalacoruscavibrant!
775 1947 779 1958 ,

95 2001 187 2082 Spes!
209 2004 280 2082 Spes
293 2005 431 2070 caelestis!
453 2017 487 2067 tu
500 2014 613 2068 mentes
626 2005 727 2066 robore
741 2001 850 2074 firmas,

136 2111 234 2172 Loetss
248 2113 401 2175 discrimen
412 2114 538 2191 quidque
551 2113 647 2172 subire
654 2113 749 2192 jubes.

96 2221 170 2302 Spes
183 2222 286 2293 laudis,
301 2222 421 2294 decoris,
435 2222 549 2300 prada,
565 2241 630 2300 spes
644 2241 750 2288 nornen
763 2220 897 2290 habendi,

138 2330 253 2410 Inclyta
266 2332 344 2409 quod
357 2351 469 2409 semper
482 2330 559 2390 sama
572 2333 625 2390 sub
639 2342 717 2394 asna
729 2329 811 2390 ferat.

96 2438 193 2498 Addit
206 2459 287 2497 amor
299 2439 399 2517 patriae
413 2439 545 2500 stimulos
558 2438 596 2498 ad
608 2437 694 2501 torua
706 2437 790 2507 tacta,

139 2547 234 2628 Urget
246 2568 328 2626 arnor
340 2547 457 2618 sobolis,
470 2548 600 2628 conjugis
614 2557 696 2626 urget
709 2563 799 2607 amur.

103 2657 208 2736 Implet
220 2677 298 2717 nune
311 2668 423 2716 vestros
437 2635 549 2716 annuus
562 2654 609 2712 hie
622 2653 716 2724 ardor,
732 2651 825 2714 Iberi!

140 2763 182 2824 Et
196 2765 280 2826 docet
292 2764 450 2844 nsepidas
463 2763 577 2822 mittere
590 2762 649 2822 tela
659 2779 773 2821 manus.

100 2873 213 2934 Instate
228 2873 257 2934 0
271 2873 370 2946 fortes,
383 2872 497 2934 hostem
510 2871 644 2950 depellite
657 2889 778 2944 saevum,

142 2981 262 3052 Natales
277 2983 370 3042 virtus
381 3001 458 3042 nime
471 2991 584 3043 tueatur
597 2981 700 3060 agros!

104 3088 217 3150 Posteri
231 3103 265 3150 ut
277 3111 295 3149 a
307 3091 391 3153 vobis
406 3090 517 3152 diseunt
530 3089 654 3167 perferre
667 3089 787 3162 labores,

146 3199 245 3262 Patria
258 3221 348 3282 quurn
362 3213 446 3266 natos
459 3201 551 3264 drdeis
564 3201 601 3264 ad
614 3221 694 3262 arma
707 3213 800 3261 vocat.

634 3310 673 3370 D.
689 3309 727 3369 K.
744 3309 920 3370 Ssunnonn.

507 3437 525 3478 s
