2344 3996
538 349 580 412 25

128 519 190 582 Sed
202 518 251 579 vel
263 517 379 578 mitt
389 516 618 578 dn‘viretfme
631 531 757 596 menta,

170 627 315 704 almaque
328 641 389 686 iton
401 627 493 687 rmus
504 629 687 690 mmm
699 629 793 694 muta

128 735 210 798 nate
223 735 325 794 mulus
336 733 652 815 mentitumque
664 739 800 818 cupitur,

170 847 338 925 Chunosque
351 859 480 927 agnata,
494 859 628 927 uetustis
638 865 723 930 grata
733 853 847 914 tunna

128 955 179 1016 Tu
192 976 239 1016 rne
253 957 400 1036 instigasti
411 967 539 1035 perstate
552 959 583 1016 in
597 961 728 1020 vertitu
741 961 808 1034 iiiia,

172 1063 227 1123 Per
240 1075 270 1124 te
284 1085 363 1125 nunc
376 1060 561 1128 dunenses
572 1068 677 1128 hboris
690 1069 781 1130 adea.
840 1133 844 1140 ,

675 1203 696 1267 J
698 1227 725 1267 o.
740 1207 916 1270 Cnurusun.

268 1568 568 1632 MERCATORUM
589 1572 843 1634 NAV1GAT10.

548 1765 573 1826 I.

103 1999 105 2008 y
124 1897 333 1988 Mancinus
345 1929 453 1988 misero
465 1929 537 1988 lueri
550 1929 715 1990 stimulatus
729 1947 837 2000 aurore,

166 2035 267 2096 Audet
280 2035 418 2096 nubiferis
432 2037 558 2115 pandere
572 2038 638 2098 vela
650 2037 744 2098 notis:

122 2145 236 2204 Visitat
248 2155 278 2203 et
291 2155 403 2204 cuncta
416 2144 554 2206 disuntia
567 2143 665 2206 littora
677 2157 772 2218 terrae,

168 2251 313 2312 Emensus
326 2251 420 2332 fragili
434 2274 579 2314 marmora
591 2266 694 2314 cuncta
707 2267 785 2314 rate:

124 2360 168 2419 Et
182 2361 294 2420 validos
308 2371 406 2432 aestus,
421 2373 451 2420 et
464 2361 554 2442 frigus
569 2363 658 2422 sentit
670 2363 813 2434 adurens;

168 2469 212 2528 Ut
226 2469 281 2527 sibi
295 2481 446 2548 congestus
461 2483 559 2550 surgat
573 2491 692 2532 acervus
706 2491 803 2548 opum.

126 2576 185 2635 Sed
200 2577 304 2654 repetit
316 2577 435 2635 taudem
449 2578 571 2654 patriam
584 2579 746 2655 nataliaque
761 2596 838 2646 arva,

166 2684 349 2761 Miraturque
362 2684 468 2754 iterum
480 2683 582 2742 iimina
594 2696 676 2764 grata
689 2685 764 2743 laris,

124 2793 266 2871 Quosque
281 2813 341 2852 suae
354 2791 464 2852 fruetus
478 2805 562 2854 terrae
577 2793 691 2852 Natura
702 2793 820 2872 negavit

166 2903 298 2964 Distanti
311 2903 432 2985 gravidi
446 2905 543 2964 littore
559 2925 633 2964 nave
647 2905 742 2964 refert.

123 3011 214 3072 Nunc
227 3013 283 3072 iter
297 3013 422 3074 intendit
435 3015 565 3073 nascenti
578 3020 635 3092 qua
650 3013 734 3073 India
747 3014 801 3073 soli

166 3120 328 3194 Panditur;
349 3133 379 3183 et
393 3122 467 3182 dites
483 3121 585 3203 Gange
599 3124 728 3202 rigantur
742 3125 811 3202 agri,

123 3231 194 3308 Qua
206 3232 335 3312 gelidum
349 3232 464 3292 Taurus
479 3245 564 3311 caput
577 3223 653 3293 inter
665 3235 764 3294 nubila
777 3235 884 3305 condit,

164 3341 282 3407 Vertite
296 3350 353 3425 qua
367 3365 492 3426 praeceps
507 3343 605 3406 Imaus
619 3355 697 3406 astra
710 3344 785 3407 ferit.
