2344 3996
620 294 661 353 38

219 463 320 542 Sitque
333 461 499 522 colonorum
512 469 628 539 geniem
641 455 685 517 ias
699 455 792 518 dicere
806 456 921 530 fortem,

259 570 377 632 servitii
390 571 476 628 toties
491 569 540 645 qui
553 567 682 645 repulere
689 567 805 646 jugum.

222 681 281 755 Qui
294 681 403 740 casulas
416 677 540 738 humiles
553 678 715 736 habitantes
728 696 796 754 pace
811 677 918 753 quieti,

259 791 373 851 Duram
387 789 527 850 vertendo
540 799 647 846 terram
660 785 784 845 habuere
798 787 905 847 cibum.
945 789 948 796 ’

217 900 261 958 At
273 919 350 958 nunc
363 899 453 980 adreci
466 908 552 974 atque
566 894 672 953 immiti
686 895 771 953 eorde
784 907 938 972 tyrannus,

178 1083 184 1096 ι
258 1005 360 1080 -Qui
373 1026 451 1065 nunc
463 1006 616 1083 imperium
629 1003 723 1062 tendit
737 1001 843 1080 ubique
857 1022 942 1060 suum
953 1024 965 1073 ;

222 1118 259 1178 In
273 1137 359 1196 quem
373 1117 504 1176 venturis
517 1115 675 1174 fundentur
689 1115 724 1171 ab
739 1113 873 1172 omnibus
887 1113 959 1171 aevis

261 1224 443 1284 Dine-non
452 1225 534 1303 justi
548 1225 601 1282 sub
617 1223 725 1282 ditione
739 1233 827 1282 tenet.

223 1332 294 1390 Dux
308 1332 454 1410 quondam
468 1332 618 1391 dominatu
632 1342 738 1390 terram
752 1330 890 1389 Albertus
903 1327 1043 1400 habebat,

262 1439 402 1500 Praesecto
414 1441 514 1500 comiti
528 1441 577 1519 qui
592 1461 644 1500 sua
650 1441 720 1519 jura
733 1439 822 1499 dedit.

226 1547 339 1606 Partica
352 1558 383 1606 at
396 1547 426 1605 in
440 1548 526 1628 longd
540 1549 637 1627 posuit
649 1548 738 1606 vilem
750 1547 799 1604 ille
812 1545 951 1626 galerum,

263 1659 325 1733 Qui
338 1659 429 1718 veluti
443 1658 589 1719 Dominus
602 1657 796 1738 respiciendus
810 1653 881 1718 erat.

225 1769 345 1830 Transit
357 1769 404 1828 vir
417 1769 535 1848 quidam
549 1767 714 1828 Gulielmus
728 1789 814 1847 saepe,
828 1769 957 1850 galerum

263 1878 355 1938 Haud
369 1899 531 1949 veneraus;
551 1898 619 1936 arcu
633 1877 726 1936 clarus
739 1889 770 1937 et
782 1889 844 1937 ame
857 1875 922 1936 fuit.

223 1987 355 2048 Damnat
367 2007 434 2046 eum
448 1999 541 2046 rector
554 1987 652 2059 morti,
666 1985 714 2045 vel
731 1985 840 2045 findere
854 2004 973 2065 pomum

264 2095 301 2152 In
316 2094 377 2152 nati
390 2095 502 2172 capite;
523 2094 549 2151 is
562 2114 631 2154 mox
645 2093 703 2154 duo
716 2093 774 2153 tela
787 2104 877 2174 parat.

224 2203 363 2262 Pervenit
375 2202 468 2278 adque
481 2202 576 2260 locum
590 2199 645 2260 Vir
658 2203 721 2262 lude
734 2203 863 2284 horaque
876 2203 997 2274 statuti,

170 2383 175 2394 ι
265 2311 354 2372 Recte
368 2323 398 2372 et
411 2313 565 2372 collineans
579 2311 691 2374 fortiter
705 2313 752 2374 ille
765 2312 840 2374 ferit.

226 2422 331 2482 Telum
345 2421 423 2482 aliud
437 2433 568 2500 spectans
583 2421 633 2482 sed
647 2425 721 2484 zoni
735 2435 829 2484 rector
842 2425 873 2482 in
887 2405 976 2494 steti,

247 2505 248 2512 ἵ
267 2538 290 2568 “
302 2530 389 2602 Cur‚”
402 2531 453 2602 ait,
469 2531 533 2590 “in
547 2531 629 2590 zonis
644 2531 734 2592 altera
746 2531 804 2602 tela
817 2542 897 2592 tenes
908 2533 940 2590 ?”

199 2620 203 2642 ¹
225 2638 279 2696 Cui
294 2636 359 2697 Tell
372 2639 539 2718 respondit:
562 2647 583 2675 “
597 2639 775 2711 Statuebam,
789 2658 866 2698 saeve
879 2649 1014 2718 tyranne,

266 2754 287 2781 “
301 2745 406 2806 Occiso
419 2758 499 2818 nato,
513 2767 562 2806 cor
575 2759 723 2826 penetrare
737 2747 848 2806 tuum.''

228 2851 323 2912 Iratus
337 2865 430 2913 rector
443 2854 609 2932 ponendum
622 2857 653 2914 in
667 2875 777 2932 carcere
791 2866 891 2926 curan

266 2960 378 3042 Effugit
391 2973 422 3024 at
435 2961 541 3036 subitd,
555 2966 688 3042 pervenit
696 2966 789 3044 adque
803 2984 881 3026 suos.

225 3071 254 3128 A
268 3069 375 3148 populo
388 3081 480 3132 rector
494 3092 563 3132 mox
576 3083 767 3154 oppugnatur,
782 3084 812 3132 et
825 3073 907 3132 illum

267 3181 456 3256 Devincunt3
481 3183 575 3266 ipsum
590 3183 655 3244 Tell
663 3185 816 3266 jaculoque
829 3195 920 3245 necat.

558 3321 578 3382 J
581 3337 703 3383 ornnes
714 3321 868 3396 Nuwuou,
882 3319 973 3382 AEtue.
987 3329 1037 3383 13.
