2344 3996
451 423 459 435 .
546 379 565 432 8

441 573 646 688 (lRPl-lEUS.

285 791 494 840 --cocalern
504 793 593 840 temere
604 791 722 840 imenrrae

473 881 656 944 Orpbeasr'lvae.
822 885 891 936 llos.

531 1054 556 1114 Ι.

114 1183 275 1286 Oneum,
297 1213 404 1276 Haemo
417 1215 504 1275 viridi
518 1215 567 1295 qui
580 1227 681 1278 cantus
694 1217 812 1280 reddere
826 1218 931 1293 dulces,

40 1389 41 1395 ἵ
150 1321 256 1382 Fecisti
269 1324 355 1382 toties
368 1343 494 1386 consone
506 1325 555 1384 fila
568 1325 640 1404 lyrae
647 1348 658 1397 3
785 1321 788 1326 ’

12 1449 13 1460 ’
110 1431 153 1492 Te
167 1425 260 1492 dicam
272 1443 386 1511 accepto
400 1435 492 1494 vocali
504 1437 540 1494 ab
550 1436 686 1514 Apolline
699 1449 797 1509 cantu,

148 1541 208 1615 Qui
222 1553 331 1620 septem
344 1544 442 1602 nervis
456 1564 486 1602 es
500 1543 665 1623 cithardque
679 1559 797 1625 potens:

90 1733 93 1736 Ι
108 1652 165 1724 Tu,
186 1652 304 1714 celebris
317 1663 408 1723 vates,
429 1653 540 1712 meliori
553 1654 640 1733 digne
653 1657 791 1726 Cemenl,

145 1760 252 1837 Accipe
270 1778 334 1837 quae
348 1760 450 1829 scribo,
470 1772 567 1844 mente
580 1763 705 1832 volente,
726 1763 788 1820 tibi.

104 1867 225 1926 Acritas
239 1877 334 1926 tecum
348 1869 467 1944 potuisti
481 1868 584 1927 ducere
598 1888 728 1946 quercuS,

144 1976 287 2038 Montana
299 1987 329 2034 et
341 1977 446 2034 blande
461 1995 530 2034 saxa
542 1995 659 2036 movere
672 1976 746 2054 lyri.

105 2082 148 2142 Te
162 2084 251 2162 tigres
265 2083 391 2160 srevique
405 2083 502 2142 leones
515 2083 598 2142 dulce
611 2095 763 2144 canentem

92 2204 96 2212 '
131 2195 256 2265 xMirati,
277 2204 307 2253 et
320 2193 432 2272 fugiens
446 2194 553 2253 restitit
565 2212 639 2274 agna
651 2193 751 2272 lupum
761 2215 772 2264 ;

102 2303 165 2362 Nec
178 2302 335 2361 meminere
349 2321 448 2360 amnes
461 2301 552 2360 altum
566 2321 597 2361 se
607 2303 724 2362 volvere
737 2302 769 2361 in
782 2320 889 2380 aequor,

142 2410 292 2468 Ponebant
305 2407 388 2479 Euri,
409 2409 605 2487 terribilesque
619 2409 699 2469 Noti.

103 2517 169 2595 lpse
182 2517 287 2595 triceps
300 2527 376 2575 atres
390 2516 506 2575 demisit
521 2503 661 2575 Cerberus
674 2525 767 2585 eures,
876 2565 890 2578 .

69 2637 71 2645 ’
144 2624 188 2682 Ac
202 2635 336 2701 stupuere
351 2641 437 2682 sonos
451 2622 573 2682 Tartara
585 2633 687 2682 moesta
698 2621 786 2700 lyrae:

101 2729 207 2790 Intorti
222 2730 418 2789 Eumenidum
432 2729 549 2789 recreati
562 2729 686 2787 crinibus
700 2747 817 2806 angues,

143 2838 284 2915 lxionque
298 2839 385 2913 miser
398 2837 530 2896 constitit
543 2837 604 2914 ipse
618 2835 680 2895 rotd
691 2855 702 2906 ς

98 2947 243 3026 Sisyphus
257 2948 289 3005 in
301 2953 430 3030 montem
444 2967 496 3006 nec
510 2965 610 3006 sorum
624 2946 749 3006 immane
763 2947 895 3018 revolvit,

140 3056 183 3115 Et
197 3056 301 3114 Denso
315 3056 390 3114 natis
405 3055 542 3134 amphora
555 3055 628 3114 sicca
641 3056 729 3116 stetit.

97 3163 183 3237 Quin
197 3174 227 3222 et
241 3163 296 3222 Dis
311 3183 415 3234 saewrs,
430 3163 505 3242 nigri
518 3162 680 3224 dominator
694 3164 816 3233 Averni,

142 3269 309 3349 Eurydicen
323 3271 380 3334 luci
394 3271 520 3331 reddidit
532 3282 618 3358 etque
631 3273 704 3332 viro.

675 3411 695 3472 J
697 3431 723 3471 o.
738 3411 914 3471 Crurcuuu.
