2302 4000
86 559 144 619 Cur
156 575 210 637 ego
222 547 444 618 commemorem
457 565 490 615 ut
503 553 585 616 fluvii
598 552 784 618 refluentibus
797 554 883 618 undis

124 665 242 738 Errent
261 676 291 726 et
304 663 396 746 fugiet
408 661 535 724 fontibus
549 663 628 723 unde
640 664 699 724 suis
709 686 720 736 ;

88 773 130 834 Ut
142 774 273 834 volucres
287 772 400 852 pevidae
412 772 567 832 ostendant
580 771 717 830 instantis
729 769 797 841 feto,

125 878 263 940 Protinus
276 899 311 940 ex
325 881 383 938 oris
397 879 609 955 incolumesque
619 877 737 937 volent?

89 986 160 1048 Haec
173 987 251 1046 maie
263 997 297 1046 tu
310 985 455 1064 quondam
469 985 593 1056 sensisti,
609 983 763 1064 Oiysippo,
783 983 925 1064 simulque

124 1093 264 1154 Numinis
277 1093 335 1152 sits
347 1092 455 1152 cedunt
468 1091 572 1171 oppido
585 1091 689 1170 quisse
701 1111 799 1153 menn.

88 1201 175 1262 Haud
188 1201 301 1280 pridem
315 1201 489 1260 monstravit
496 1201 578 1279 juste
591 1199 698 1260 doloris
710 1211 741 1260 et
754 1201 808 1260 irae

125 1311 249 1381 Indicia,
270 1321 300 1369 et
313 1311 410 1388 popuii
423 1285 545 1369 erimine
557 1329 661 1389 magne
674 1309 767 1371 luunt.

89 1421 171 1482 Nunc
184 1422 275 1501 igitur
288 1421 404 1481 meritas
418 1419 558 1499 persolve,
580 1419 740 1492 Britannis,
760 1432 856 1502 grates

127 1528 173 1588 Illi
189 1529 240 1604 qui
254 1539 368 1606 torquet
382 1527 501 1586 numine
514 1538 617 1585 cuneta
630 1547 692 1599 suo,

91 1635 156 1708 Qui,
178 1635 279 1714 procul
294 1655 311 1693 a
325 1643 416 1704 motu,
437 1632 512 1693 felici
526 1635 593 1693 sede
607 1635 721 1706 locavit,

128 1743 264 1803 Fundere
278 1752 436 1804 necessest
449 1759 568 1800 munere
581 1742 660 1820 large
671 1742 735 1801 tibi.

718 1877 754 1938 Τ.
771 1877 906 1940 M‘Cnrn

487 2115 542 2177 VI.

93 2254 206 2344 Nunc
221 2281 292 2342 mihi
305 2281 361 2342 fert
374 2284 488 2343 animus
503 2295 614 2345 naturoe
627 2287 758 2347 secedere
772 2297 870 2365 partes·

92 2391 240 2462 Arcenss;
264 2392 358 2450 tenuis
373 2389 499 2469 primiim
513 2393 647 2452 sublimia
660 2415 760 2467 eonor,
822 2389 824 2396 ’

94 2498 141 2556 Ad
154 2499 256 2557 crelunr
270 2496 382 2575 trepidi
396 2508 495 2556 vectus
509 2498 645 2557 velociter
658 2501 713 2569 att,

96 2606 146 2680 Te,
161 2607 262 2667 Terrae
276 2606 386 2677 Motus,
401 2606 471 2664 dum
485 2606 584 2664 audaci
598 2607 723 2666 carmine
736 2606 808 2667 dico.

135 2821 232 2882 Muses
245 2824 388 2902 paulisper
398 2824 505 2896 diuites,
526 2823 668 2885 Helicone
681 2824 789 2894 relicto,

100 2927 258 2989 Praesentes
273 2951 375 3009 operes,
396 2933 427 2990 in
439 2943 538 3009 peetus
551 2931 713 2991 descendite
727 2931 810 3002 laetae,

99 3037 198 3116 Atque
211 3057 308 3098 meum
322 3039 360 3098 ed
373 3039 460 3100 finem
473 3051 588 3120 gratum
602 3039 732 3100 deducite
745 3059 869 3100 oermen.

138 3242 304 3308 Monstrum
312 3249 566 3332 informe‚ingensi
582 3251 860 3332 qutpossumdicere
866 3247 951 3311 cousi

99 3347 213 3413 Nasoi?
235 3375 323 3418 curve
335 3361 420 3420 novis
433 3371 613 3422 tremuerunt
626 3363 751 3420 motibus
765 3360 817 3418 alti

100 3453 228 3538 Montes,
251 3475 337 3546 atque
350 3469 416 3530 imis
430 3481 513 3531 terrae
526 3470 667 3530 fremudre
680 3468 831 3529 cavernis?
