2344 3996
633 322 671 384 12

229 494 325 567 Quem
338 497 466 550 recreent
480 485 578 546 Graiae
590 485 696 566 pariter
710 483 859 562 Latineque
873 485 1017 559 camene,

267 599 386 659 Leniter
398 605 428 654 et
441 594 557 654 Brumae
570 594 658 656 tedia
670 591 744 654 ferre
752 595 868 673 juvent.

227 708 270 767 At
283 718 328 766 ter
340 704 445 776 felices,
458 704 574 781 inopem
589 700 669 778 queis
682 720 751 762 cura
763 701 869 774 levare,

267 817 400 877 Delectat
412 814 525 874 miseris
538 832 611 891 quos
624 831 750 874 reserare
763 811 893 876 domum.

230 925 273 985 Hi
287 945 349 986 sese
362 925 398 986 ad
411 924 512 986 caelum
526 922 598 982 mihi
606 923 670 1001 jem
683 922 806 982 erexisse
820 923 966 995 videntur,

267 1033 477 1113 Terrarumque
491 1031 581 1094 udum
594 1031 753 1094 deseruisse
766 1030 869 1094 solum.

752 1169 792 1232 D.
808 1171 845 1232 K.
861 1171 1043 1237 Snunronn.
1066 1151 1070 1158 ⁸

479 1549 659 1612 MILITIAE
680 1549 830 1612 LABOR.

643 1747 668 1806 Ι.

225 1883 404 1984 Teneone,
420 1911 544 1970 Saturno
558 1910 703 1987 quondam
713 1919 859 1990 regnante,
873 1907 1000 1980 fuerunt,

267 2021 428 2078 Contentus
442 2018 517 2075 vixit
529 2009 596 2074 cium
609 2014 683 2074 bene
698 2017 818 2092 quisque
833 2036 893 2078 suu.

227 2127 300 2184 Arte
313 2124 392 2183 saber
405 2124 468 2181 dira
482 2121 548 2180 cium
561 2122 692 2182 nondum
706 2122 827 2182 duxerat
838 2142 947 2195 ensem,

267 2231 330 2289 Nec
342 2229 430 2310 guleae
443 2229 527 2299 levis,
541 2247 594 2287 nec
607 2228 701 2307 clypei
715 2249 784 2288 usus
798 2241 867 2290 erat.

227 2341 270 2399 At
282 2359 359 2400 nunc
372 2349 435 2400 atre
446 2338 503 2396 ciet
515 2335 597 2396 Mars
610 2347 705 2398 totum
718 2338 793 2398 belis
806 2340 978 2418 perurbem,

267 2449 367 2509 Invisa
380 2457 410 2506 et
422 2446 529 2526 passim
543 2446 683 2504 matribus
696 2466 777 2506 arma
790 2458 902 2506 sonant.

228 2559 361 2638 Cingitur
373 2553 489 2616 assiduo
502 2555 586 2614 miles
600 2555 729 2634 duroque
743 2556 849 2626 labore,

265 2668 362 2740 Quem
375 2667 542 2744 sonitusque
555 2666 633 2724 tubae
647 2684 780 2742 sevaque
793 2675 886 2724 castra
894 2666 1010 2743 juvant.

227 2774 307 2852 Saepe
321 2794 372 2854 per
385 2775 512 2852 algentes
526 2773 642 2832 nivibus
656 2773 778 2851 vestigia
787 2783 907 2849 ‘torquet
926 2775 930 2784 '

265 2881 400 2958 Campos,
413 2892 443 2940 et
455 2881 550 2960 gelida
563 2900 638 2960 saepe
652 2881 793 2942 recumbit
805 2879 904 2940 humo.

225 2992 311 3050 Nunc
325 3001 358 3050 ut
372 2992 480 3069 sopitos
493 2991 634 3050 deludunt
648 2992 760 3052 somnia
774 3009 886 3060 sensus,

264 3101 404 3172 Uxorem,
418 3111 511 3172 natos,
525 3111 555 3160 et
568 3100 649 3160 videt
662 3101 710 3160 ille
723 3099 851 3158 domum.

224 3211 267 3269 At
279 3208 394 3290 fugiunt
407 3208 497 3278 visus,
510 3207 606 3268 medie
619 3228 686 3268 curn
699 3218 783 3266 noete
796 3206 903 3282 quieti,

265 3317 407 3378 Horribili
421 3316 523 3378 cecinit
534 3317 654 3378 buccina
666 3337 751 3376 rauca
763 3336 843 3376 sono.
