2344 3996
524 325 564 384 39

523 609 560 670 V.

110 811 299 908 'fersnara
314 835 459 915 quondam
473 833 530 912 qui
543 852 602 892 non
614 833 723 894 felicior
735 834 802 907 ulle>

154 946 200 1006 Et,
211 944 318 1005 virides
332 945 418 1023 ripas,
432 943 623 1020 caeruleosque
636 944 724 1016 lacus,

119 1055 276 1115 Nubiferos
290 1066 413 1125 montes,
428 1065 458 1112 et
471 1073 541 1112 saxa
554 1054 694 1112 minantia
706 1053 786 1124 oaelo,

159 1165 258 1241 Atque
271 1183 355 1222 cavas
370 1162 469 1234 valles,
483 1182 530 1222 me
543 1162 683 1222 celebrare
691 1164 788 1240 juvat.

117 1270 255 1346 Namque
268 1271 307 1328 ibi
320 1269 437 1328 libertas
451 1269 519 1328 olim
533 1271 671 1349 regnabat
684 1269 714 1326 in
728 1269 813 1348 agris,

158 1381 376 1458 Collajugoque
390 1377 450 1438 fero
463 1379 553 1440 libera
566 1399 657 1457 nuper
670 1390 771 1438 erant:

116 1489 221 1549 Incola
233 1489 350 1548 divitias
364 1487 471 1546 invidit
483 1487 597 1566 regibus
611 1495 694 1566 asper

160 1595 335 1674 Nunquam:
358 1607 511 1656 contentus
525 1607 602 1654 sorte
616 1596 667 1654 sed
681 1597 776 1655 omnis
789 1608 858 1655 erat.

115 1702 318 1780 Tranquillum
332 1703 423 1762 vitam
436 1702 570 1761 concordi
583 1722 651 1780 pace
664 1706 809 1782 regebant,

160 1809 224 1870 Nec
237 1810 304 1870 belli
317 1810 425 1889 ignaria
438 1808 546 1871 ferreus
559 1810 637 1870 ensis
649 1821 721 1870 erat.

117 1917 257 1977 Rusticus
271 1917 300 1978 0
315 1918 438 1996 quoties,
451 1916 531 1997 longi
540 1928 685 1996 ¹post-acta
698 1917 765 1988 diei,
866 1951 869 1960 ν

160 2024 314 2106 Languida
325 2026 438 2086 curavit
451 2027 581 2086 membra
592 2027 689 2086 labore
702 2026 783 2086 cibo!

117 2133 151 2196 Ο
165 2134 279 2212 quoties
290 2136 354 2214 ejus
367 2133 498 2194 luserunt
510 2134 630 2214 pignora
642 2135 759 2205 circum,

33 2231 35 2236 ’
104 2217 107 2228 ¹
161 2241 271 2303 Mulsit
282 2254 314 2304 et
326 2241 364 2302 ad
377 2244 484 2321 patn'os
498 2263 571 2302 uxor
583 2255 679 2302 amata
690 2243 784 2304 lares!

119 2348 188 2412 Illic
201 2354 334 2422 turbatus
347 2371 408 2412 non
420 2352 509 2412 armis
521 2351 615 2412 incola
626 2352 728 2414 latus:

162 2458 340 2550 Gaudiaque¹
349 2459 380 2518 in
393 2461 483 2538 parva
496 2471 578 2520 tanta
589 2459 669 2520 luere
682 2462 767 2520 cesi!

121 2565 152 2626 0
165 2563 236 2624 felix
248 2566 336 2626 nullis
349 2567 499 2628 concordia
513 2577 598 2644 rupta
610 2567 743 2643 querelis,

164 2672 206 2732 Et
219 2673 410 2752 quodcunque
423 2672 532 2733 malum
546 2673 673 2732 culmina
685 2691 789 2752 magna
802 2683 912 2753 tegunt.

122 2779 287 2852 Gallorum,
301 2782 420 2840 tandem
433 2781 513 2854 victi,
528 2801 637 2840 cessere
650 2793 785 2860 tyranno,

165 2885 226 2961 Qui
239 2889 271 2947 in
284 2888 392 2948 virides
405 2901 518 2950 montes
531 2889 647 2967 agmina
659 2889 749 2950 densa
762 2889 837 2950 tulit.

124 2993 157 3056 Is
171 2993 248 3056 ferro
260 3007 339 3058 totos
352 3009 398 3056 est
410 2997 599 3076 depopulatus
612 2996 728 3076 agellos,

166 3101 313 3183 Sanguine
326 3117 356 3164 et
369 3105 490 3184 irriguas
504 3103 724 3166 commaculavit
736 3125 833 3184 aquas.

128 3211 190 3284 Qui
203 3212 298 3289 potuit
311 3213 409 3292 populi
423 3212 488 3272 talis
503 3232 685 3290 perrumpere
699 3215 775 3294 leges
876 3257 880 3266 .

169 3321 278 3398 Cogere
296 3333 325 3378 et
340 3323 469 3380 insontes
485 3321 605 3380 subdere
619 3321 691 3380 colla
699 3325 780 3398 jugo,
