2302 4000
507 335 546 400 57

95 511 153 572 Ad
168 510 289 589 patrium
300 494 429 579 'revocet
443 507 533 588 glacie
545 507 607 568 loct
619 508 718 568 stricte
730 511 859 587 pnenui,

121 632 124 638 '
142 618 325 698 Praecipitem
339 616 452 680 Boron
465 616 610 696 dabisque
622 637 701 679 erere
713 617 780 696 poli.

96 728 231 806 Imperio
244 738 346 806 pmeut
358 728 450 805 venti,
462 737 635 805 mortesque
648 727 823 804 relinquunt,

143 835 306 900 Stridentes
319 837 420 908 relies,
433 847 465 898 et
477 836 539 898 sine
551 834 654 896 fronde
667 855 778 898 nemen.

95 944 182 1004 Tum
196 945 317 1024 zephyri
329 947 464 1017 subeunt,
478 964 603 1024 quorum
616 945 670 1006 sub
683 943 800 1006 domiue
813 941 919 1006 blundo

140 1053 296 1116 Montibus
309 1075 346 1117 ex
358 1055 425 1116 eltis
438 1054 490 1116 uix
503 1053 630 1116 resoluto
642 1051 715 1114 fluit.

97 1163 252 1240 Conspicit
263 1165 385 1242 agrestis
399 1164 550 1224 redeuntia
561 1163 657 1226 tidem
669 1163 763 1234 letus

139 1269 184 1330 Et
197 1271 308 1332 salvere
320 1269 405 1330 hilari
418 1280 548 1348 tempore
560 1280 658 1330 mente
666 1271 760 1348 jubet.

98 1377 244 1436 Solennes
257 1373 364 1438 iterim
376 1375 485 1454 gaudet
497 1393 636 1436 renovare
648 1376 770 1447 labores,

145 1485 186 1544 Et
199 1485 320 1544 stabulis
334 1484 446 1544 validos
458 1485 539 1544 ducit
551 1485 590 1544 ed
603 1503 673 1544 eruc
685 1487 783 1546 boues.

96 1597 221 1676 Mugitu
234 1596 371 1658 ussedom
383 1595 461 1666 iaeto,
472 1597 660 1672 ,praebmtque
674 1598 804 1658 volentes

143 1705 269 1764 Hirsuta
281 1706 401 1766 incurvo
414 1703 488 1762 coila
499 1703 656 1780 premenda
663 1706 745 1783 jugo.
833 1730 836 1737 ·

99 1814 183 1874 Tum
197 1823 275 1872 sator
288 1814 412 1874 occultet
425 1811 553 1872 Cerealia
566 1811 676 1870 semina
689 1812 785 1883 sulcis,

143 1921 259 1999 Accipit
272 1931 302 1980 et
315 1920 396 1980 molli
409 1931 487 1980 terre
498 1919 623 1998 benigna
636 1919 711 1978 sinu.

98 2028 178 2088 Esto
190 2027 272 2088 Deus
285 2027 370 2088 felix!
385 2028 495 2088 faustos
508 2027 716 2106 hominumque
729 2028 839 2090 labores

146 2135 255 2208 Redde,
269 2157 362 2214 neque
377 2137 444 2196 huic
457 2157 534 2196 enno
548 2157 613 2216 spes
626 2135 764 2200 labefacta
775 2138 877 2200 cadat:

98 2246 236 2306 Mulceat
249 2257 279 2306 et
292 2257 402 2326 segetes
416 2247 541 2306 orientes
554 2267 624 2306 aura
637 2246 759 2319 Favoni,

145 2353 187 2412 Et
200 2355 283 2414 cadat
297 2355 403 2414 altricis
416 2353 518 2414 fertilis
533 2355 624 2413 imber
636 2375 728 2432 cquae.

51 2481 52 2484 ’
101 2464 228 2522 Maturo
241 2462 338 2523 foveat
351 2463 394 2522 sol
408 2465 500 2522 almus
514 2474 617 2522 emota
629 2464 731 2534 colore,

145 2572 261 2632 Vestiat
275 2584 308 2632 ut
321 2572 412 2633 flavos
426 2583 554 2650 tempore
569 2572 671 2629 messis
684 2591 818 2650 agros-

104 2683 169 2742 Nec
182 2680 298 2742 tantdm
312 2681 464 2761 agricolam
478 2680 600 2739 delectet
611 2691 726 2757 tempus
740 2694 895 2751 amoenum,

147 2789 269 2849 Naturae
281 2791 419 2849 eximium
433 2809 500 2848 cum
513 2789 588 2848 nitet
600 2807 650 2847 ore
663 2787 759 2847 decus.

104 2897 182 2972 Quae
196 2896 284 2956 mode
298 2899 443 2975 prebebat
455 2897 553 2976 rapido
567 2898 651 2956 arbos
663 2895 779 2956 brechia
792 2906 880 2957 vento

147 3004 244 3077 Nuda,
259 3016 439 3066 renascentes
452 2984 574 3084 explicet
586 3005 645 3064 elta
657 3025 763 3066 comcs.

106 3114 284 3174 Gramineus
297 3125 397 3174 tenero
411 3114 558 3174 revirescit
570 3115 676 3192 cespite
689 3131 817 3192 campus,

149 3221 242 3302 luque
256 3243 347 3286 novas
361 3220 464 3286 herbas
477 3233 580 3285 cuncta
592 3223 726 3286 tumescit
738 3222 854 3284 humus.
