2302 4000
483 409 522 471 91

87 543 212 632 Defessis
224 573 346 651 pedibus
360 573 491 645 redeunt,
505 573 664 654 mugitibus
676 589 760 636 aurea
781 578 784 584 '
848 580 852 586 ’
920 585 924 600 ·

87 683 249 762 Implentes,
263 684 358 763 plnum
370 697 494 745 matrem
507 697 590 746 tener
602 705 693 767 agnus
705 687 877 769 ademptam.

85 791 191 854 Durior
203 795 251 854 hic
264 795 361 855 nullus
375 797 487 854 summa
499 789 785 871 diverberat'aurem,

85 899 123 959 Ni
136 903 251 980 quando
263 902 370 963 festum
383 903 497 962 rediens
510 903 658 964 advexerit
671 927 765 965 annus

85 1009 252 1072 Natalemve
265 1012 343 1072 diem
356 1012 442 1092 regia,
456 1012 552 1072 latine
566 1015 705 1092 triumphi

85 1117 262 1198 Magnanimi
275 1121 365 1180 ducis.
409 1121 444 1184 In
455 1123 574 1200 eampis,
588 1133 661 1194 tum,
673 1133 706 1183 et
715 1122 862 1183 montibus
871 1117 936 1183 aitis

85 1225 233 1290 Tormenti
247 1241 369 1290 matrem
382 1243 489 1291 terram
504 1231 647 1292 radicibus
661 1233 727 1293 imis

85 1335 255 1398 Concutiens
268 1337 363 1418 fragor
377 1340 501 1412 auditur,
516 1343 651 1401 reboante
663 1343 793 1414 tonitru;

85 1441 140 1516 Qui
153 1457 271 1506 revocat
284 1447 405 1506 memori
418 1446 580 1526 famamque
593 1461 623 1509 et
637 1450 755 1509 nomina
766 1447 869 1520 menti,

85 1547 123 1609 Et
135 1553 222 1612 simul
236 1567 300 1614 acta
313 1555 418 1615 virium.
461 1555 582 1626 Forsan,
596 1555 762 1627 fortissime,
777 1557 848 1616 dicit

86 1655 287 1739 Virtutemque
300 1675 381 1736 tuam
393 1663 420 1734 ⁸,
435 1683 499 1722 eum
514 1661 649 1722 audacius
664 1665 766 1723 obvius
779 1664 858 1722 hosti
925 1657 929 1668 ⁴

88 1766 149 1828 ibas
164 1790 252 1849 quam
268 1772 426 1850 Spartanus
438 1773 536 1844 homa,
550 1785 735 1850 mentemque
748 1774 871 1832 celebrat
921 1795 923 1800 ·

88 1873 141 1934 Pro
154 1879 249 1956 patria
263 1881 389 1939 moriens
403 1881 453 1942 ubi
467 1881 534 1939 laeto
547 1880 778 1958 lumine‘palmaa

87 1982 223 2046 Ornisti:
248 1987 311 2046 Aut
320 1989 403 2046 illum
416 1991 524 2048 recinet
538 1989 597 2067 qui,
611 1989 660 2047 ubi
675 1989 769 2048 vinula
782 1988 899 2067 tyranni
1009 2043 1010 2053 ,

87 2090 150 2152 Non
164 2093 239 2155 beni:
254 2107 335 2155 sueta
343 2097 415 2176 jugo
430 2097 609 2176 stringebant
621 2097 845 2169 milevitanum,

89 2198 225 2274 Surrexit,
240 2205 325 2263 aaevis
338 2206 488 2285 pugnavit,
503 2206 574 2265 vicit
587 2217 617 2266 et
629 2205 737 2278 hostes,

88 2309 125 2370 Et
138 2313 220 2374 dedit
234 2315 324 2392 ejecto
338 2315 397 2393 regi
411 2335 587 2392 regnumque
601 2317 737 2394 parentis,

87 2417 125 2478 Et
137 2421 317 2482 Libertatem
330 2424 444 2502 populo.
487 2424 662 2501 Quanquam
676 2423 779 2482 occidit
793 2423 841 2482 ille

89 2525 214 2601 insidiis,
236 2549 342 2590 nomnen
356 2549 407 2609 per
421 2532 515 2590 secula
528 2542 631 2589 cuncta
644 2531 781 2589 manebit.

128 2747 257 2807 intonsae
269 2746 373 2807 frontis
387 2759 501 2806 montes
516 2763 673 2824 saxosaque
687 2758 788 2823 tesqua

89 2853 236 2937 Effingunt
249 2857 326 2916 viras
339 2857 452 2928 herniae
473 2855 601 2928 flumina,
624 2856 725 2934 sylvae,
743 2891 751 2906 ·

89 2963 239 3042 Collesque
252 2966 395 3024 incutiunt
409 2965 508 3043 patriae
521 2965 631 3023 telluris
645 2983 780 3023 amorem.

91 3070 219 3134 Vallibus
234 3077 264 3134 in
277 3075 379 3155 gelidis
393 3074 485 3133 undas
499 3090 552 3133 sua
565 3072 685 3133 flumina
697 3075 831 3144 volvunt,

90 3179 234 3263 Silvinque
247 3187 418 3246 umbrantur
431 3184 563 3263 quereris,
584 3181 712 3245 florentia
730 3186 814 3244 ericae

416 3423 435 3467 ta
453 3423 561 3474 Monte.-
