2344 3996
610 313 629 366 8

195 483 337 542 Pellaeum
350 481 451 559 pinum
464 477 632 549 ascendunt,
647 487 677 537 et
688 477 788 537 littora
798 478 956 555 linquunt3

236 594 356 673 Cogitur
369 591 465 650 affines
480 589 610 667 linquere
624 589 746 668 quisque
760 588 870 649 dolens.

197 698 350 760 Insolitum
363 709 526 757 monstrum
539 697 637 756 mirari
651 717 720 758 saxa
732 697 878 766 videntur,
959 733 962 740 ·

237 809 381 886 Undeque
396 809 449 866 sub
462 826 568 886 magno
581 805 707 884 pondere
720 824 818 882 pressa
830 805 929 882 gemit.

198 915 320 995 AEgeum
334 927 460 987 tranant,
476 923 496 952 “
508 914 614 974 crebris
628 911 702 974 fretu
714 913 825 974 consite
836 913 948 983 terris,’'

237 1023 279 1083 Et
292 1035 413 1102 pontum
428 1024 478 1099 qui
493 1021 593 1082 Helles
606 1020 707 1081 funere
720 1032 806 1080 notus
820 1032 891 1082 erat.

199 1135 346 1193 Euxinum
360 1133 477 1210 pelagus
490 1131 611 1201 subiere,
626 1144 656 1190 et
670 1129 808 1190 Colchida
820 1141 960 1209 spectant,

237 1241 278 1298 Et
290 1239 409 1328 tandem
422 1240 453 1297 in
468 1240 542 1300 sieco
555 1239 653 1298 littore
666 1242 797 1300 membre
808 1240 911 1302 locent.

196 1350 311 1426 Accipit
323 1345 431 1406 urbane
440 1349 566 1426 juvenes
580 1346 666 1408 AEeta
679 1347 819 1426 vigentes,

238 1457 279 1516 Et
291 1453 357 1516 laett
372 1466 505 1516 externos
518 1457 549 1516 in
563 1475 615 1515 sue
628 1466 704 1516 tecta
716 1469 810 1518 votat.
919 1461 921 1467 '

197 1568 350 1628 AEsonides
363 1567 458 1628 audax
471 1577 517 1628 eet
530 1578 629 1646 captus
643 1587 741 1630 amore
754 1569 876 1640 Medeae,

239 1675 294 1736 Illa
306 1676 386 1736 fovet
399 1675 540 1747 flammas,
554 1676 723 1754 illicitasque
736 1675 821 1738 faces.

198 1785 307 1846 Herbis
320 1786 434 1864 adjuvit
446 1786 565 1865 vigilem
579 1787 672 1864 sopire
685 1787 848 1858 draconem,
992 1863 996 1874 ,

238 1895 386 1974 Compulit
398 1906 429 1954 et
440 1905 538 1954 tauros
552 1895 674 1956 subdere
687 1895 760 1954 colla
767 1897 850 1974 jugo.
897 1957 901 1964 ,

198 2003 369 2078 Armatique
382 2001 523 2072 homines,
539 2003 678 2079 serpentis
692 2002 779 2062 dente
791 2002 887 2073 creati,

238 2109 317 2166 Ante
331 2128 398 2166 suos
412 2108 518 2179 oculos,
533 2119 594 2168 erte
603 2111 736 2188 juvante,
750 2110 866 2173 cadunt.

162 2274 164 2280 ,
199 2215 297 2274 Aurea
310 2225 390 2294 terga
403 2217 487 2294 rapit,
502 2234 616 2273 rursum
631 2236 662 2274 se
675 2216 796 2276 credidit
809 2217 906 2289 EuriS,

240 2321 280 2381 Et
294 2333 355 2384 rate
370 2324 481 2384 victn'ci
495 2324 593 2383 littora
607 2335 677 2384 note
690 2325 772 2404 petit.

505 2459 681 2522 Eenuuzrn
694 2461 892 2533 Prurrnnrou,
906 2459 995 2522 AEtot.
1007 2466 1053 2521 13.
1097 2483 1099 2488 ¹
