2302 4000
143 531 201 590 Vix
215 529 305 590 Titan
318 530 414 593 oriens
427 551 443 590 e
457 543 547 610 ponto
559 553 707 616 assurgere
718 540 816 616 cepit,
845 601 849 610 ,
945 593 951 612 ,

97 641 174 700 Cum
188 640 332 719 placidum
345 641 452 702 lectum
465 640 608 719 linquens,
622 655 709 723 atque
722 652 790 708 a'e‘ra
802 647 916 726 spirans
948 699 951 711 ,

97 749 218 821 Sanum,
232 748 338 810 festino
348 770 449 829 gressu
462 751 530 810 terit
541 756 712 814 arvabaeta.

96 859 174 918 Cum
189 860 381 919 solocciduus
394 865 553 920 crescentes
567 862 693 940 duplicat
705 866 833 937 umbras,
949 921 950 928 ,

94 966 147 1051 Ad
161 977 272 1024 tectum
285 968 400 1028 rediens
413 969 502 1028 limen
517 971 614 1047 procul
627 972 729 1049 aspicit
742 973 862 1045 almum,

95 1073 192 1153 Inque
206 1075 287 1134 aditu
299 1089 383 1157 natos
396 1079 461 1136 cari
474 1097 540 1137 cunr
555 1081 676 1159 conjuge
691 1091 816 1141 stantes:

95 1181 199 1261 Longe
213 1183 369 1261 dispiciunt
382 1197 503 1262 patrem,
516 1187 658 1265 vultuque
671 1188 863 1266 triumphans,

94 1290 229 1368 Quisque
239 1292 328 1362 volat,
340 1305 529 1372 properatque
540 1295 660 1354 domum
671 1296 811 1356 deducere
823 1295 947 1360 seston,

93 1397 221 1476 Jamque
236 1399 326 1458 redux
339 1402 456 1462 tandem
470 1403 595 1462 calidum
611 1403 741 1464 subridet
753 1405 791 1464 ad
805 1405 912 1484 ignem,
949 1404 951 1412 ’

94 1507 247 1584 Conspicit
260 1518 290 1566 et
302 1519 387 1568 natos
400 1511 522 1588 genibus
536 1529 567 1570 se
579 1510 680 1570 tollere
694 1512 777 1572 loetos
784 1533 796 1583 ς
845 1543 848 1550 ’

93 1615 179 1673 Dum
193 1617 294 1675 mense
307 1619 412 1696 conjux
425 1618 526 1695 epidas
538 1629 668 1682 ostentat
681 1619 796 1690 onusti,

94 1721 236 1806 Sermone
250 1734 280 1782 et
292 1724 373 1808 vario
386 1735 480 1783 tentat
493 1725 649 1802 producere
662 1737 787 1786 noctem.

93 1832 144 1893 Sic
158 1834 260 1905 vitam,
274 1835 349 1892 curis
363 1853 475 1912 expers,
489 1834 520 1891 in
534 1835 682 1894 montibus
697 1835 755 1894 illis

93 1944 248 2024 Transigit
259 1946 390 2016 excelsis,
405 1965 442 2004 ex
455 1945 535 2004 omni
549 1956 629 2023 parte
642 1947 754 2006 beatus.

93 2052 154 2126 Ta,
167 2052 233 2112 Dea
246 2053 389 2124 Libertas,
405 2053 496 2112 solam
509 2063 539 2112 te
552 2063 652 2132 gratus
665 2053 787 2125 adorate

92 2161 155 2220 Pro
168 2171 198 2219 te
211 2161 257 2219 vel
271 2161 385 2240 rapidas
398 2162 488 2222 audet
502 2162 648 2222 morisim
660 2181 712 2240 per
725 2161 829 2234 undas,

92 2269 240 2358 Quamuis
254 2283 332 2330 terre
345 2283 451 2332 tremat
465 2271 579 2331 vibrato
592 2269 713 2331 fulmine
726 2291 849 2349 quassa:

92 2376 155 2435 Pro
168 2387 198 2436 te
211 2379 258 2437 vel
273 2380 384 2440 cunctis
397 2391 484 2459 caput
497 2382 641 2459 obJectere
654 2379 768 2456 periclis

92 2487 206 2558 Audet,
219 2499 250 2548 et
262 2490 391 2568 ingratos
403 2489 516 2548 homini
530 2487 655 2567 perferre
667 2489 788 2550 labores.

137 2698 209 2760 Otia
220 2701 263 2760 sic
276 2699 374 2780 degit3
395 2699 447 2759 sed
460 2719 550 2778 quum
563 2698 615 2758 dat
626 2716 713 2758 rauca
725 2708 877 2760 cruentum

92 2810 223 2870 Buccine
236 2811 348 2870 militiae
363 2810 489 2890 signum,
505 2807 654 2870 descendit
665 2809 703 2868 eb
715 2809 775 2870 alto
884 2853 887 2858 ι
989 2833 992 2841 ’

92 2917 213 2978 Venice
226 2929 321 2978 cestra
332 2929 443 2996 petens,
457 2917 534 2977 natis
548 2915 709 2996 sponsique
722 2918 840 2981 relictis.

92 3025 195 3084 Fortis
209 3039 239 3086 et
252 3027 382 3102 inuictus
392 3027 496 3086 statuit
508 3026 639 3088 cohibere
653 3027 778 3105 priorem

93 3137 234 3209 Hostem,
248 3149 335 3216 atque
348 3157 365 3198 e
376 3137 486 3216 campis
499 3137 605 3198 iterum
619 3138 760 3218 depellere
773 3140 855 3200 tuti's.
926 3157 931 3166 “

92 3247 281 3310 Concurrunt
294 3249 379 3322 acies,
393 3250 417 3309 it
429 3249 538 3308 clamor
550 3249 587 3308 ad
601 3247 709 3310 rathero
721 3269 854 3330 magrrus,

97 3354 141 3416 Et
154 3355 237 3419 fluvii
250 3370 370 3422 currunt
383 3359 421 3420 ad
434 3369 556 3440 pontum
570 3358 709 3438 sangrino
722 3355 820 3418 rubri:
