2302 4000
105 543 251 604 Chalcidos
266 545 437 622 avulsaeque
448 563 523 612 oras,
538 544 712 620 bimarisque
726 543 857 602 Corinthi

104 652 243 730 Antiquos
257 673 345 714 arces.
387 651 509 732 Propids
524 651 574 712 sed
589 673 693 732 magna
706 653 821 712 videtur

105 761 202 822 Gloria
216 764 383 835 Graiorum,
397 764 539 841 collesque
554 764 713 840 domusque
728 767 857 842 superbae

104 867 300 950 Fluminaque.
342 872 402 933 Hic
416 873 517 932 viridis
532 872 674 932 collucens
688 874 780 950 surgit
792 872 953 951 Hymettus

104 973 233 1037 Floribus
247 981 367 1050 aestivis,
382 981 482 1058 apibus
497 981 547 1058 qui
561 981 686 1038 maxima
699 1001 766 1038 cura

104 1081 252 1146 Sollicitis:
279 1088 336 1146 illic
350 1090 478 1166 riparum
491 1088 664 1148 anfractibus
679 1109 787 1158 errans,

104 1191 220 1253 Labitur
235 1195 338 1256 llissus
353 1199 435 1256 tortis
447 1220 457 1268 ;
479 1197 619 1275 Cephisus
633 1209 664 1256 et
677 1199 768 1258 undas

103 1299 216 1365 Leniter
229 1319 333 1387 arguto
348 1308 523 1386 trepidantes
537 1326 683 1376 murmure
698 1309 798 1368 volvit.-
830 1377 837 1392 .
924 1341 926 1346 ·

103 1407 162 1470 Illic
170 1415 309 1491 jucundis
323 1415 393 1474 oleis
407 1416 580 1474 Academica
593 1417 677 1494 sylva

102 1518 215 1597 Vernos,
230 1537 263 1586 et
276 1527 390 1606 aligerae
404 1511 589 1584 mo'dulantur·
602 1538 718 1604 gutture
732 1529 869 1588 blandum

103 1627 220 1693 Carmen
235 1655 306 1694 aves
320 1635 400 1694 tenui
410 1634 545 1694 :-docto
560 1634 628 1692 olim
642 1645 724 1711 grata
739 1635 851 1694 Platoni

104 1738 195 1814 Sedes,
211 1752 271 1825 qua
285 1745 382 1804 docuit
396 1744 488 1803 divini
504 1742 628 1801 Socratis
642 1755 743 1813 artem,

105 1849 159 1922 Qui
174 1854 312 1934 Sophiam
327 1875 344 1912 a
357 1855 426 1913 caelo
440 1863 523 1911 terrae
534 1853 658 1912 'deduxit
672 1855 702 1912 in
717 1857 825 1924 orbem,

104 1955 334 2041 Monstravitque
350 1963 427 2020 viam
440 1961 525 2020 liceat
539 1962 596 2038 qud
610 1961 746 2020 scandere
761 1964 842 2022 sedes

104 2061 261 2142 AEthereas,
276 2070 427 2146 Patrisque
439 2071 581 2149 attingere
594 2089 681 2150 regna
690 2071 786 2130 ‘beata
852 2115 861 2134 .

105 2169 145 2232 Te
158 2197 252 2256 neque
267 2190 445 2256 praetereem,
460 2179 546 2238 toties
560 2181 605 2238 cui
620 2181 713 2250 docta,
729 2179 867 2260 Lyceum,

93 2275 231 2347 ,Porticus
246 2287 357 2364 excepit
370 2289 538 2366 sapientem,
553 2289 668 2348 vincere
683 2299 786 2347 cuncta

105 2387 263 2463 Qui.Pellae
277 2397 374 2456 docuit
381 2399 531 2477 juvenem,
546 2399 602 2458 nisi
616 2410 708 2459 semet
721 2411 751 2460 et
764 2400 845 2460 iram.

335 2489 346 2513 .
621 2491 625 2500 ·
737 2499 744 2518 .

142 2600 201 2665 Hic
214 2607 351 2685 antiquus
365 2607 478 2679 honor3
499 2606 554 2666 fuit
568 2607 658 2666 hicet
672 2606 808 2684 splendor
821 2607 946 2667 Athenis

95 2704 201 2785 v0lirn;
223 2725 254 2773 at
266 2735 343 2774 nunc
356 2725 470 2774 vastata
483 2715 565 2774 vides
579 2715 649 2784 loca,
664 2715 771 2773 moenia
784 2715 871 2784 nuda,

38 2826 42 2839 '
105 2813 299 2901 Desertasque
315 2823 395 2882 vias:
418 2825 525 2904 passim
540 2822 693 2900 fractaeque
707 2823 856 2896 columnae,

107 2924 335 3013 Marmoreaeque
349 2937 455 3004 trabes,
470 2934 588 3013 lapides,
604 2945 791 3013 truncataque
806 2937 896 3015 signa,

108 3033 201 3102 Strata
208 3047 308 3123 jacent
318 3066 328 3115 ,·
351 3044 460 3103 maestis
474 3054 560 3120 atque
575 3043 672 3101 omnia
685 3063 784 3122 sparsa
797 3047 896 3103 ruinis.

102 3141 229 3228 Quoque
241 3153 304 3212 loco
319 3128 465 3231 quondam
481 3146 566 3210 Pario
580 3151 616 3210 de
631 3171 773 3211 marmore
787 3154 937 3230 templum,

103 3248 281 3337 Aurataeque
295 3260 372 3320 aedes
387 3262 511 3330 stabant,
526 3270 557 3318 et
570 3259 672 3318 limina
684 3259 768 3328 celsa,
902 3237 917 3269 ⁰

108 3353 227 3426 Sordida
241 3389 317 3430 nunc
331 3380 415 3448 tecta,
430 3379 638 3430 etconstructa
652 3366 775 3448 mapalia
789 3368 864 3445 turpi
