<?xml version="1.0" encoding="UTF-8"?>
<!DOCTYPE html PUBLIC "-//W3C//DTD XHTML 1.0 Transitional//EN"
    "http://www.w3.org/TR/xhtml1/DTD/xhtml1-transitional.dtd">
<html xmlns="http://www.w3.org/1999/xhtml" xml:lang="en" lang="en">
 <head>
  <title>
</title>
<meta http-equiv="Content-Type" content="text/html;charset=utf-8" />
  <meta name='ocr-system' content='tesseract 3.04.00' />
  <meta name='ocr-capabilities' content='ocr_page ocr_carea ocr_par ocr_line ocrx_word'/>
</head>
<body>
  <div class='ocr_page' id='page_1' title='image "./extentaminibusm00schgoog_0143.png"; bbox 0 0 2302 4000; ppageno 0'>
   <div class='ocr_carea' id='block_1_1' title="bbox 584 364 644 420">
    <p class='ocr_par' dir='ltr' id='par_1_1' title="bbox 584 364 644 420">
     <span class='ocr_line' id='line_1_1' title="bbox 584 364 644 420; baseline 0 0"><span class='ocrx_word' id='word_1_1' title='bbox 584 364 644 420; x_wconf 84' lang='lat'>116</span> 
     </span>
    </p>
   </div>
   <div class='ocr_carea' id='block_1_2' title="bbox 175 535 1013 935">
    <p class='ocr_par' dir='ltr' id='par_1_2' title="bbox 177 535 885 724">
     <span class='ocr_line' id='line_1_2' title="bbox 177 535 885 606; baseline -0.01 -5"><span class='ocrx_word' id='word_1_2' title='bbox 177 540 247 600; x_wconf 89' lang='lat' dir='ltr'>Non</span> <span class='ocrx_word' id='word_1_3' title='bbox 259 549 356 599; x_wconf 83' lang='lat' dir='ltr'>temen</span> <span class='ocrx_word' id='word_1_4' title='bbox 370 536 516 596; x_wconf 66' lang='lat' dir='ltr'>exanimo</span> <span class='ocrx_word' id='word_1_5' title='bbox 530 535 632 594; x_wconf 82' lang='lat' dir='ltr'>tollent</span> <span class='ocrx_word' id='word_1_6' title='bbox 646 535 753 594; x_wconf 81' lang='lat' dir='ltr'>oblivis</span> <span class='ocrx_word' id='word_1_7' title='bbox 766 546 885 606; x_wconf 81' lang='lat' dir='ltr'>nostr03</span> 
     </span>
     <span class='ocr_line' id='line_1_3' title="bbox 217 644 826 724; baseline -0.01 -16"><span class='ocrx_word' id='word_1_8' title='bbox 217 647 297 708; x_wconf 87' lang='lat' dir='ltr'>Olim</span> <span class='ocrx_word' id='word_1_9' title='bbox 311 646 466 724; x_wconf 84' lang='lat' dir='ltr'>pulsabunt</span> <span class='ocrx_word' id='word_1_10' title='bbox 480 644 598 701; x_wconf 82' lang='lat' dir='ltr'>nomina</span> <span class='ocrx_word' id='word_1_11' title='bbox 611 654 708 701; x_wconf 82' lang='lat' dir='ltr'>vestra</span> <span class='ocrx_word' id='word_1_12' title='bbox 721 644 826 702; x_wconf 87' lang='lat' dir='ltr'>sinum.</span> 
     </span>
    </p>

    <p class='ocr_par' dir='ltr' id='par_1_3' title="bbox 175 751 1013 935">
     <span class='ocr_line' id='line_1_4' title="bbox 175 751 1013 832; baseline -0.006 -18"><span class='ocrx_word' id='word_1_13' title='bbox 175 755 293 832; x_wconf 81' lang='lat' dir='ltr'>Vosque</span> <span class='ocrx_word' id='word_1_14' title='bbox 310 754 412 824; x_wconf 82' lang='lat' dir='ltr'>valete,</span> <span class='ocrx_word' id='word_1_15' title='bbox 427 771 521 810; x_wconf 78' lang='lat' dir='ltr'>meam</span> <span class='ocrx_word' id='word_1_16' title='bbox 536 753 600 828; x_wconf 84' lang='lat' dir='ltr'>quae</span> <span class='ocrx_word' id='word_1_17' title='bbox 614 751 736 828; x_wconf 83' lang='lat' dir='ltr'><strong>primam</strong></span> <span class='ocrx_word' id='word_1_18' title='bbox 749 752 845 810; x_wconf 71' lang='lat' dir='ltr'>aluere</span> <span class='ocrx_word' id='word_1_19' title='bbox 854 753 1013 829; x_wconf 81' lang='lat' dir='ltr'>juventam</span> 
     </span>
     <span class='ocr_line' id='line_1_5' title="bbox 215 857 800 935; baseline -0.005 -16"><span class='ocrx_word' id='word_1_20' title='bbox 215 861 336 931; x_wconf 78' lang='lat' dir='ltr'>Moenia,</span> <span class='ocrx_word' id='word_1_21' title='bbox 345 879 427 920; x_wconf 86' lang='lat' dir='ltr'>nunc</span> <span class='ocrx_word' id='word_1_22' title='bbox 440 869 511 918; x_wconf 80' lang='lat' dir='ltr'>retus</span> <span class='ocrx_word' id='word_1_23' title='bbox 524 863 580 934; x_wconf 65' lang='lat' dir='ltr'>quo</span> <span class='ocrx_word' id='word_1_24' title='bbox 594 857 709 935; x_wconf 87' lang='lat' dir='ltr'>puerilis</span> <span class='ocrx_word' id='word_1_25' title='bbox 723 857 800 916; x_wconf 80' lang='lat' dir='ltr'>abit:</span> 
     </span>
    </p>
   </div>
   <div class='ocr_carea' id='block_1_3' title="bbox 175 963 1142 1044">
    <p class='ocr_par' dir='ltr' id='par_1_4' title="bbox 175 963 1142 1044">
     <span class='ocr_line' id='line_1_6' title="bbox 175 963 1142 1044; baseline -0.002 -20"><span class='ocrx_word' id='word_1_26' title='bbox 175 967 236 1028; x_wconf 89' lang='lat' dir='ltr'>Vos</span> <span class='ocrx_word' id='word_1_27' title='bbox 249 966 405 1044; x_wconf 83' lang='lat' dir='ltr'>linquendo</span> <span class='ocrx_word' id='word_1_28' title='bbox 418 966 504 1026; x_wconf 83' lang='lat' dir='ltr'>etiarn</span> <span class='ocrx_word' id='word_1_29' title='bbox 515 965 617 1036; x_wconf 85' lang='lat' dir='ltr'>;··-sed</span> <span class='ocrx_word' id='word_1_30' title='bbox 632 966 764 1044; x_wconf 80' lang='lat' dir='ltr'>quamvis</span> <span class='ocrx_word' id='word_1_31' title='bbox 783 983 900 1042; x_wconf 81' lang='lat' dir='ltr'>corpore</span> <span class='ocrx_word' id='word_1_32' title='bbox 914 963 1034 1033; x_wconf 78' lang='lat' dir='ltr'>distein,</span> <span class='ocrx_word' id='word_1_33' title='bbox 1138 975 1142 979; x_wconf 85' lang='lat'>&#39;</span> 
     </span>
    </p>
   </div>
   <div class='ocr_carea' id='block_1_4' title="bbox 174 1075 971 1478">
    <p class='ocr_par' dir='ltr' id='par_1_5' title="bbox 174 1075 854 1260">
     <span class='ocr_line' id='line_1_7' title="bbox 214 1075 841 1155; baseline -0.005 -19"><span class='ocrx_word' id='word_1_34' title='bbox 214 1077 255 1136; x_wconf 93' lang='lat' dir='ltr'>Et</span> <span class='ocrx_word' id='word_1_35' title='bbox 268 1076 369 1155; x_wconf 90' lang='lat' dir='ltr'>liquidi</span> <span class='ocrx_word' id='word_1_36' title='bbox 382 1077 517 1137; x_wconf 77' lang='lat' dir='ltr'>intersint</span> <span class='ocrx_word' id='word_1_37' title='bbox 530 1075 634 1134; x_wconf 79' lang='lat' dir='ltr'>coerula</span> <span class='ocrx_word' id='word_1_38' title='bbox 646 1085 730 1134; x_wconf 78' lang='lat' dir='ltr'>vesta</span> <span class='ocrx_word' id='word_1_39' title='bbox 742 1075 841 1144; x_wconf 86' lang='lat' dir='ltr'>maris,</span> 
     </span>
     <span class='ocr_line' id='line_1_8' title="bbox 174 1182 854 1260; baseline -0.006 -16"><span class='ocrx_word' id='word_1_40' title='bbox 174 1185 230 1244; x_wconf 87' lang='lat' dir='ltr'>Per</span> <span class='ocrx_word' id='word_1_41' title='bbox 243 1185 339 1242; x_wconf 81' lang='lat' dir='ltr'>varios</span> <span class='ocrx_word' id='word_1_42' title='bbox 352 1203 444 1252; x_wconf 79' lang='lat' dir='ltr'>cesus,</span> <span class='ocrx_word' id='word_1_43' title='bbox 458 1201 509 1260; x_wconf 85' lang='lat' dir='ltr'>per</span> <span class='ocrx_word' id='word_1_44' title='bbox 522 1193 624 1240; x_wconf 80' lang='lat' dir='ltr'>cuncto</span> <span class='ocrx_word' id='word_1_45' title='bbox 637 1182 762 1259; x_wconf 83' lang='lat' dir='ltr'>pericula</span> <span class='ocrx_word' id='word_1_46' title='bbox 775 1182 854 1251; x_wconf 84' lang='lat' dir='ltr'>vitae,</span> 
     </span>
    </p>

    <p class='ocr_par' dir='ltr' id='par_1_6' title="bbox 174 1288 971 1478">
     <span class='ocr_line' id='line_1_9' title="bbox 214 1288 908 1366; baseline -0.006 -17"><span class='ocrx_word' id='word_1_47' title='bbox 214 1289 303 1350; x_wconf 86' lang='lat' dir='ltr'>Hunc</span> <span class='ocrx_word' id='word_1_48' title='bbox 316 1291 438 1350; x_wconf 89' lang='lat' dir='ltr'>memori</span> <span class='ocrx_word' id='word_1_49' title='bbox 452 1309 563 1366; x_wconf 85' lang='lat' dir='ltr'>semper</span> <span class='ocrx_word' id='word_1_50' title='bbox 577 1299 674 1348; x_wconf 87' lang='lat' dir='ltr'>mente</span> <span class='ocrx_word' id='word_1_51' title='bbox 686 1290 791 1348; x_wconf 85' lang='lat' dir='ltr'><strong>tenebo</strong></span> <span class='ocrx_word' id='word_1_52' title='bbox 803 1288 908 1358; x_wconf 85' lang='lat' dir='ltr'>locum,</span> 
     </span>
     <span class='ocr_line' id='line_1_10' title="bbox 174 1395 971 1478; baseline -0.006 -18"><span class='ocrx_word' id='word_1_53' title='bbox 174 1400 240 1476; x_wconf 73' lang='lat' dir='ltr'>Qud</span> <span class='ocrx_word' id='word_1_54' title='bbox 253 1421 334 1462; x_wconf 85' lang='lat' dir='ltr'>meus</span> <span class='ocrx_word' id='word_1_55' title='bbox 347 1401 485 1478; x_wconf 83' lang='lat' dir='ltr'>ingenuas</span> <span class='ocrx_word' id='word_1_56' title='bbox 498 1399 612 1456; x_wconf 82' lang='lat' dir='ltr'>animus</span> <span class='ocrx_word' id='word_1_57' title='bbox 627 1395 752 1475; x_wconf 77' lang='lat' dir='ltr'>primdm</span> <span class='ocrx_word' id='word_1_58' title='bbox 767 1399 870 1458; x_wconf 86' lang='lat' dir='ltr'>inbibit</span> <span class='ocrx_word' id='word_1_59' title='bbox 884 1409 971 1468; x_wconf 79' lang='lat' dir='ltr'>artes,</span> 
     </span>
    </p>
   </div>
   <div class='ocr_carea' id='block_1_5' title="bbox 171 1505 942 2016">
    <p class='ocr_par' dir='ltr' id='par_1_7' title="bbox 171 1505 942 2016">
     <span class='ocr_line' id='line_1_11' title="bbox 213 1505 848 1586; baseline -0.003 -20"><span class='ocrx_word' id='word_1_60' title='bbox 213 1508 367 1586; x_wconf 77' lang='lat' dir='ltr'>Excipiens</span> <span class='ocrx_word' id='word_1_61' title='bbox 380 1518 512 1566; x_wconf 88' lang='lat' dir='ltr'>veterum</span> <span class='ocrx_word' id='word_1_62' title='bbox 526 1507 631 1584; x_wconf 78' lang='lat' dir='ltr'>gaudia</span> <span class='ocrx_word' id='word_1_63' title='bbox 643 1505 735 1564; x_wconf 83' lang='lat' dir='ltr'>multo</span> <span class='ocrx_word' id='word_1_64' title='bbox 749 1506 828 1564; x_wconf 87' lang='lat' dir='ltr'>libris</span> <span class='ocrx_word' id='word_1_65' title='bbox 841 1528 848 1564; x_wconf 78' lang='lat' dir='ltr'>r</span> 
     </span>
     <span class='ocr_line' id='line_1_12' title="bbox 172 1613 851 1696; baseline -0.003 -20"><span class='ocrx_word' id='word_1_66' title='bbox 172 1617 238 1691; x_wconf 77' lang='lat' dir='ltr'>Qud</span> <span class='ocrx_word' id='word_1_67' title='bbox 252 1615 379 1696; x_wconf 66' lang='lat' dir='ltr'>prinnini</span> <span class='ocrx_word' id='word_1_68' title='bbox 392 1636 454 1676; x_wconf 80' lang='lat' dir='ltr'>sese</span> <span class='ocrx_word' id='word_1_69' title='bbox 469 1616 571 1674; x_wconf 86' lang='lat' dir='ltr'>studiis</span> <span class='ocrx_word' id='word_1_70' title='bbox 585 1613 710 1672; x_wconf 88' lang='lat' dir='ltr'>intendit</span> <span class='ocrx_word' id='word_1_71' title='bbox 722 1614 851 1674; x_wconf 83' lang='lat' dir='ltr'>honestis</span> 
     </span>
     <span class='ocr_line' id='line_1_13' title="bbox 211 1723 933 1800; baseline -0.007 -17"><span class='ocrx_word' id='word_1_72' title='bbox 211 1725 324 1784; x_wconf 81' lang='lat' dir='ltr'>AEtates</span> <span class='ocrx_word' id='word_1_73' title='bbox 338 1744 403 1800; x_wconf 83' lang='lat' dir='ltr'>quae</span> <span class='ocrx_word' id='word_1_74' title='bbox 416 1743 525 1794; x_wconf 81' lang='lat' dir='ltr'>omnes,</span> <span class='ocrx_word' id='word_1_75' title='bbox 540 1734 671 1799; x_wconf 83' lang='lat' dir='ltr'>tempora</span> <span class='ocrx_word' id='word_1_76' title='bbox 683 1731 795 1792; x_wconf 76' lang='lat' dir='ltr'>cuncto,</span> <span class='ocrx_word' id='word_1_77' title='bbox 804 1723 933 1799; x_wconf 75' lang='lat' dir='ltr'>juvant5</span> 
     </span>
     <span class='ocr_line' id='line_1_14' title="bbox 171 1828 942 1910; baseline -0.008 -18"><span class='ocrx_word' id='word_1_78' title='bbox 171 1829 316 1910; x_wconf 69' lang='lat' dir='ltr'>Praeeipud</span> <span class='ocrx_word' id='word_1_79' title='bbox 331 1831 468 1890; x_wconf 83' lang='lat' dir='ltr'>decorant</span> <span class='ocrx_word' id='word_1_80' title='bbox 481 1851 546 1906; x_wconf 84' lang='lat' dir='ltr'>quse</span> <span class='ocrx_word' id='word_1_81' title='bbox 559 1851 605 1890; x_wconf 91' lang='lat' dir='ltr'>res</span> <span class='ocrx_word' id='word_1_82' title='bbox 616 1842 779 1906; x_wconf 80' lang='lat' dir='ltr'>ornantque</span> <span class='ocrx_word' id='word_1_83' title='bbox 793 1828 942 1900; x_wconf 79' lang='lat' dir='ltr'>secundas,</span> 
     </span>
     <span class='ocr_line' id='line_1_15' title="bbox 211 1925 867 2016; baseline -0.005 -17"><span class='ocrx_word' id='word_1_84' title='bbox 211 1925 361 2000; x_wconf 62' lang='lat' dir='ltr'>A&#39;uxilium</span> <span class='ocrx_word' id='word_1_85' title='bbox 375 1939 513 2008; x_wconf 69' lang='lat' dir='ltr'>adversis,</span> <span class='ocrx_word' id='word_1_86' title='bbox 528 1936 747 2016; x_wconf 84' lang='lat' dir='ltr'>perfugiumque</span> <span class='ocrx_word' id='word_1_87' title='bbox 761 1936 867 1996; x_wconf 86' lang='lat' dir='ltr'>ferunt.</span> 
     </span>
    </p>
   </div>
   <div class='ocr_carea' id='block_1_6' title="bbox 161 2044 1145 3298">
    <p class='ocr_par' dir='ltr' id='par_1_8' title="bbox 161 2044 1145 3298">
     <span class='ocr_line' id='line_1_16' title="bbox 171 2044 986 2127; baseline -0.011 -18"><span class='ocrx_word' id='word_1_88' title='bbox 171 2049 274 2127; x_wconf 87' lang='lat' dir='ltr'>Tuque</span> <span class='ocrx_word' id='word_1_89' title='bbox 288 2047 352 2108; x_wconf 84' lang='lat' dir='ltr'>veie</span> <span class='ocrx_word' id='word_1_90' title='bbox 366 2045 554 2124; x_wconf 75' lang='lat' dir='ltr'>postremum,</span> <span class='ocrx_word' id='word_1_91' title='bbox 569 2047 680 2104; x_wconf 80' lang='lat' dir='ltr'>animos</span> <span class='ocrx_word' id='word_1_92' title='bbox 695 2047 744 2123; x_wconf 93' lang='lat' dir='ltr'>qui</span> <span class='ocrx_word' id='word_1_93' title='bbox 758 2047 842 2104; x_wconf 86' lang='lat' dir='ltr'>rebus</span> <span class='ocrx_word' id='word_1_94' title='bbox 856 2044 986 2104; x_wconf 71' lang='lat' dir='ltr'>honestis</span> 
     </span>
     <span class='ocr_line' id='line_1_17' title="bbox 211 2153 834 2229; baseline -0.008 -16"><span class='ocrx_word' id='word_1_95' title='bbox 211 2155 358 2213; x_wconf 77' lang='lat' dir='ltr'>Formdsti</span> <span class='ocrx_word' id='word_1_96' title='bbox 372 2167 495 2224; x_wconf 86' lang='lat' dir='ltr'>teneros,</span> <span class='ocrx_word' id='word_1_97' title='bbox 510 2155 581 2211; x_wconf 87' lang='lat' dir='ltr'>aiter</span> <span class='ocrx_word' id='word_1_98' title='bbox 594 2165 624 2211; x_wconf 91' lang='lat' dir='ltr'>et</span> <span class='ocrx_word' id='word_1_99' title='bbox 637 2153 698 2228; x_wconf 91' lang='lat' dir='ltr'>ipse</span> <span class='ocrx_word' id='word_1_100' title='bbox 712 2153 834 2229; x_wconf 79' lang='lat' dir='ltr'>parens!</span> 
     </span>
     <span class='ocr_line' id='line_1_18' title="bbox 174 2248 1145 2354; baseline -0.012 -30"><span class='ocrx_word' id='word_1_101' title='bbox 174 2263 378 2340; x_wconf 83' lang='lat' dir='ltr'>Doctrinoeque</span> <span class='ocrx_word' id='word_1_102' title='bbox 392 2263 441 2321; x_wconf 72' lang='lat' dir='ltr'>vis</span> <span class='ocrx_word' id='word_1_103' title='bbox 455 2259 543 2319; x_wconf 85' lang='lat' dir='ltr'>fortes</span> <span class='ocrx_word' id='word_1_104' title='bbox 557 2269 684 2338; x_wconf 82' lang='lat' dir='ltr'>perstare</span> <span class='ocrx_word' id='word_1_105' title='bbox 697 2251 803 2332; x_wconf 69' lang='lat' dir='ltr'>citdsti&#39;,</span> <span class='ocrx_word' id='word_1_106' title='bbox 900 2248 1017 2354; x_wconf 50' lang='lat' dir='ltr'>wi</span> <span class='ocrx_word' id='word_1_107' title='bbox 1036 2259 1041 2270; x_wconf 83' lang='grc'><em>’</em></span> <span class='ocrx_word' id='word_1_108' title='bbox 1143 2306 1145 2329; x_wconf 81' lang='grc'>,</span> 
     </span>
     <span class='ocr_line' id='line_1_19' title="bbox 211 2342 1073 2448; baseline -0.007 -16"><span class='ocrx_word' id='word_1_109' title='bbox 211 2373 318 2432; x_wconf 73' lang='lat' dir='ltr'>sistere</span> <span class='ocrx_word' id='word_1_110' title='bbox 332 2391 384 2432; x_wconf 72' lang='lat' dir='ltr'>nec</span> <span class='ocrx_word' id='word_1_111' title='bbox 398 2369 667 2441; x_wconf 59' lang='lat' dir='ltr'>medenentense</span> <span class='ocrx_word' id='word_1_112' title='bbox 681 2371 773 2448; x_wconf 72' lang='lat' dir='ltr'>pede3</span> <span class='ocrx_word' id='word_1_113' title='bbox 948 2343 967 2380; x_wconf 62' lang='lat'>&#39;²</span> <span class='ocrx_word' id='word_1_114' title='bbox 992 2342 1023 2360; x_wconf 65' lang='lat'>‘¹</span> <span class='ocrx_word' id='word_1_115' title='bbox 1049 2343 1073 2366; x_wconf 83' lang='grc'>’“</span> 
     </span>
     <span class='ocr_line' id='line_1_20' title="bbox 174 2476 866 2560; baseline -0.01 -18"><span class='ocrx_word' id='word_1_116' title='bbox 174 2482 335 2560; x_wconf 73' lang='lat' dir='ltr'>TemporiS,</span> <span class='ocrx_word' id='word_1_117' title='bbox 351 2481 456 2540; x_wconf 82' lang='lat' dir='ltr'>intenti</span> <span class='ocrx_word' id='word_1_118' title='bbox 470 2479 568 2548; x_wconf 90' lang='lat' dir='ltr'>studii,</span> <span class='ocrx_word' id='word_1_119' title='bbox 582 2476 747 2556; x_wconf 80' lang='lat' dir='ltr'>assiduique</span> <span class='ocrx_word' id='word_1_120' title='bbox 761 2479 866 2537; x_wconf 83' lang='lat' dir='ltr'>laboris</span> 
     </span>
     <span class='ocr_line' id='line_1_21' title="bbox 212 2585 950 2670; baseline -0.009 -21"><span class='ocrx_word' id='word_1_121' title='bbox 212 2589 363 2668; x_wconf 84' lang='lat' dir='ltr'>Prodigus,</span> <span class='ocrx_word' id='word_1_122' title='bbox 377 2589 455 2670; x_wconf 70' lang='lat' dir='ltr'>houd</span> <span class='ocrx_word' id='word_1_123' title='bbox 470 2587 526 2646; x_wconf 74' lang='lat' dir='ltr'>ulli</span> <span class='ocrx_word' id='word_1_124' title='bbox 538 2589 633 2646; x_wconf 84' lang='lat' dir='ltr'>victus</span> <span class='ocrx_word' id='word_1_125' title='bbox 647 2587 739 2646; x_wconf 85' lang='lat' dir='ltr'>inerte</span> <span class='ocrx_word' id='word_1_126' title='bbox 753 2585 852 2646; x_wconf 78' lang='lat' dir='ltr'>mori!</span> <span class='ocrx_word' id='word_1_127' title='bbox 947 2657 950 2666; x_wconf 88' lang='lat'>.</span> 
     </span>
     <span class='ocr_line' id='line_1_22' title="bbox 174 2695 924 2778; baseline -0.009 -20"><span class='ocrx_word' id='word_1_128' title='bbox 174 2698 261 2772; x_wconf 86' lang='lat' dir='ltr'>Quod</span> <span class='ocrx_word' id='word_1_129' title='bbox 275 2718 322 2757; x_wconf 88' lang='lat' dir='ltr'>me</span> <span class='ocrx_word' id='word_1_130' title='bbox 331 2699 446 2778; x_wconf 86' lang='lat' dir='ltr'>juvisti,</span> <span class='ocrx_word' id='word_1_131' title='bbox 464 2707 562 2756; x_wconf 83' lang='lat' dir='ltr'>manet</span> <span class='ocrx_word' id='word_1_132' title='bbox 574 2695 632 2754; x_wconf 76' lang='lat' dir='ltr'>alta</span> <span class='ocrx_word' id='word_1_133' title='bbox 646 2705 744 2754; x_wconf 88' lang='lat' dir='ltr'>mente</span> <span class='ocrx_word' id='word_1_134' title='bbox 757 2703 907 2771; x_wconf 86' lang='lat' dir='ltr'>repostum·</span> <span class='ocrx_word' id='word_1_135' title='bbox 914 2715 924 2764; x_wconf 92' lang='lat'>;</span> 
     </span>
     <span class='ocr_line' id='line_1_23' title="bbox 161 2788 851 2887; baseline -0.009 -19"><span class='ocrx_word' id='word_1_136' title='bbox 161 2788 164 2794; x_wconf 28' lang='lat'>⁸</span> <span class='ocrx_word' id='word_1_137' title='bbox 213 2808 331 2887; x_wconf 85' lang='lat' dir='ltr'>Semper</span> <span class='ocrx_word' id='word_1_138' title='bbox 344 2827 397 2885; x_wconf 83' lang='lat' dir='ltr'>ego</span> <span class='ocrx_word' id='word_1_139' title='bbox 411 2826 517 2866; x_wconf 90' lang='lat' dir='ltr'>nomen</span> <span class='ocrx_word' id='word_1_140' title='bbox 530 2815 629 2884; x_wconf 81' lang='lat' dir='ltr'>gratus</span> <span class='ocrx_word' id='word_1_141' title='bbox 643 2806 744 2863; x_wconf 80' lang='lat' dir='ltr'>amabo</span> <span class='ocrx_word' id='word_1_142' title='bbox 759 2814 851 2862; x_wconf 87' lang='lat' dir='ltr'>tuum.</span> 
     </span>
     <span class='ocr_line' id='line_1_24' title="bbox 172 2910 833 2993; baseline -0.012 -18"><span class='ocrx_word' id='word_1_143' title='bbox 172 2914 203 2976; x_wconf 88' lang='lat' dir='ltr'>Si</span> <span class='ocrx_word' id='word_1_144' title='bbox 217 2914 287 2993; x_wconf 90' lang='lat' dir='ltr'>quid</span> <span class='ocrx_word' id='word_1_145' title='bbox 300 2915 466 2983; x_wconf 84' lang='lat' dir='ltr'>commerui,</span> <span class='ocrx_word' id='word_1_146' title='bbox 480 2914 533 2970; x_wconf 88' lang='lat' dir='ltr'>tibi</span> <span class='ocrx_word' id='word_1_147' title='bbox 547 2933 594 2970; x_wconf 88' lang='lat' dir='ltr'>me</span> <span class='ocrx_word' id='word_1_148' title='bbox 608 2913 709 2972; x_wconf 89' lang='lat' dir='ltr'>debere</span> <span class='ocrx_word' id='word_1_149' title='bbox 723 2910 833 2970; x_wconf 82' lang='lat' dir='ltr'>fatebor·</span> 
     </span>
     <span class='ocr_line' id='line_1_25' title="bbox 213 3017 1010 3102; baseline -0.008 -22"><span class='ocrx_word' id='word_1_150' title='bbox 213 3020 358 3098; x_wconf 83' lang='lat' dir='ltr'>Quicquid</span> <span class='ocrx_word' id='word_1_151' title='bbox 372 3021 464 3102; x_wconf 76' lang='lat' dir='ltr'>sdhuc</span> <span class='ocrx_word' id='word_1_152' title='bbox 478 3020 580 3091; x_wconf 80' lang='lat' dir='ltr'>laudis,</span> <span class='ocrx_word' id='word_1_153' title='bbox 597 3027 682 3098; x_wconf 72' lang='lat' dir='ltr'>quiin</span> <span class='ocrx_word' id='word_1_154' title='bbox 697 3020 907 3093; x_wconf 87' lang='lat' dir='ltr'>minimumque</span> <span class='ocrx_word' id='word_1_155' title='bbox 922 3017 1010 3078; x_wconf 67' lang='lat' dir='ltr'>scio?</span> 
     </span>
     <span class='ocr_line' id='line_1_26' title="bbox 172 3127 889 3207; baseline -0.013 -16"><span class='ocrx_word' id='word_1_156' title='bbox 172 3129 307 3191; x_wconf 81' lang='lat' dir='ltr'>Forsitan</span> <span class='ocrx_word' id='word_1_157' title='bbox 320 3141 370 3188; x_wconf 79' lang='lat' dir='ltr'>eut</span> <span class='ocrx_word' id='word_1_158' title='bbox 383 3129 462 3198; x_wconf 89' lang='lat' dir='ltr'>olim,</span> <span class='ocrx_word' id='word_1_159' title='bbox 477 3128 601 3205; x_wconf 79' lang='lat' dir='ltr'>quodam</span> <span class='ocrx_word' id='word_1_160' title='bbox 616 3129 641 3188; x_wconf 88' lang='lat' dir='ltr'>si</span> <span class='ocrx_word' id='word_1_161' title='bbox 655 3129 757 3207; x_wconf 79' lang='lat' dir='ltr'>digner</span> <span class='ocrx_word' id='word_1_162' title='bbox 771 3127 889 3194; x_wconf 88' lang='lat' dir='ltr'>honore,</span> 
     </span>
     <span class='ocr_line' id='line_1_27' title="bbox 212 3236 754 3298; baseline -0.007 0"><span class='ocrx_word' id='word_1_163' title='bbox 212 3237 297 3298; x_wconf 64' lang='lat' dir='ltr'>Certo</span> <span class='ocrx_word' id='word_1_164' title='bbox 309 3236 399 3298; x_wconf 77' lang='lat' dir='ltr'>oblita</span> <span class='ocrx_word' id='word_1_165' title='bbox 412 3237 455 3298; x_wconf 87' lang='lat' dir='ltr'>tui</span> <span class='ocrx_word' id='word_1_166' title='bbox 469 3257 527 3298; x_wconf 89' lang='lat' dir='ltr'>non</span> <span class='ocrx_word' id='word_1_167' title='bbox 542 3238 659 3298; x_wconf 69' lang='lat' dir='ltr'>erit-illa</span> <span class='ocrx_word' id='word_1_168' title='bbox 673 3237 754 3298; x_wconf 90' lang='lat' dir='ltr'>dies!</span> 
     </span>
    </p>
   </div>
   <div class='ocr_carea' id='block_1_7' title="bbox 746 3368 992 3431">
    <p class='ocr_par' dir='ltr' id='par_1_9' title="bbox 746 3368 992 3431">
     <span class='ocr_line' id='line_1_28' title="bbox 746 3368 992 3431; baseline -0.033 0"><span class='ocrx_word' id='word_1_169' title='bbox 746 3370 793 3431; x_wconf 88' lang='lat' dir='ltr'>Jo.</span> <span class='ocrx_word' id='word_1_170' title='bbox 810 3368 992 3428; x_wconf 73' lang='lat' dir='ltr'>Csirruseu.</span> 
     </span>
    </p>
   </div>
   <div class='ocr_carea' id='block_1_8' title="bbox 0 0 1156 4000">
    <p class='ocr_par' dir='ltr' id='par_1_10' title="bbox 0 0 1156 4000">
     <span class='ocr_line' id='line_1_29' title="bbox 0 0 1156 4000; baseline 0 3"><span class='ocrx_word' id='word_1_171' title='bbox 0 0 1156 4000; x_wconf 95' lang='lat' dir='ltr'> </span> 
     </span>
    </p>
   </div>
   <div class='ocr_carea' id='block_1_9' title="bbox 1146 2519 1155 3790">
    <p class='ocr_par' dir='ltr' id='par_1_11' title="bbox 1146 2519 1155 3790">
     <span class='ocr_line' id='line_1_30' title="bbox 1146 2519 1155 3790; baseline 0 0"><span class='ocrx_word' id='word_1_172' title='bbox 1146 2519 1155 3790; x_wconf 95' lang='lat' dir='ltr'> </span> 
     </span>
    </p>
   </div>
  </div>
 </body>
</html>
