2344 3996
596 363 640 422 28

579 631 638 691 111.-

96 843 101 852 ’
184 827 386 921 Srnvrsrurs
398 855 462 916 aliia
475 855 594 934 placeat,
608 863 722 914 canmre
735 855 846 918 laboras

225 966 266 1026 Et
280 966 359 1025 laetau
372 975 493 1044 segetes,
506 965 723 1044 lanigerumque
736 983 840 1042 pecus:

183 1074 230 1136 sit
243 1074 314 1134 mihi
328 1075 452 1132 nimbosi
466 1073 632 1132 discrimina
645 1072 738 1131 dioere
751 1073 843 1150 ponti,

223 1181 355 1259 Quinque
368 1179 465 1239 ferunt
478 1191 583 1250 nautae,
599 1178 781 1256 votiferaque
794 1191 888 1240 rates:

182 1291 259 1367 Quae
272 1290 381 1369 patitur
393 1288 510 1366 quando
522 1289 612 1348 currit
625 1299 765 1348 mereator
778 1289 816 1348 ud
830 1287 928 1360 Indos,

219 1399 283 1458 Aut
296 1397 407 1457 lentim
420 1395 537 1477 pelagus
552 1403 608 1474 qua
621 1397 783 1477 gladeaqud
796 1397 905 1456 valent.

180 1506 333 1586 Angustos
347 1506 423 1563 inter
436 1503 508 1563 finos
521 1507 692 1566 commercia
705 1503 851 1583 quondam

221 1617 403 1697 Compressu,
417 1625 448 1677 et
461 1617 555 1676 tenuit
567 1617 666 1676 littora
678 1627 767 1676 nauta
778 1617 894 1676 timens.

181 1726 225 1786 At
238 1746 314 1786 nunc
328 1726 394 1786 vela
406 1723 483 1797 facit,
499 1745 634 1805 sponsam
648 1726 827 1804 patriamque
840 1725 985 1804 relinquit,

219 1835 263 1896 Ut
275 1855 384 1896 meroes
398 1847 492 1896 mutet
505 1855 576 1913 quas
590 1845 732 1894 subterra
744 1835 829 1914 gerit.

178 1943 235 2004 P'ro
250 1946 361 2005 Cereris
376 1945 463 2015 dono,
477 1945 609 2022 lantque,
624 1953 654 2004 et
667 1953 748 2004 vesta
761 1941 873 2015 decori,

217 2049 348 2109 Conchas
362 2063 393 2110 et
405 2071 533 2130 gemmam
548 2061 644 2129 portat
656 2061 686 2109 at
700 2069 786 2109 omne
799 2050 896 2110 decus.

178 2156 264 2228 Vina,
278 2159 387 2216 bonum
401 2169 509 2229 nectar,
524 2179 589 2235 quae
602 2159 687 2218 tellus
701 2155 809 2217 Baetica
822 2159 925 2239 gignit,

218 2264 319 2344 Foetus
334 2268 477 2337 arboreos,
493 2285 579 2325 aurea
592 2266 668 2324 mala
681 2267 762 2344 petit.
856 2293 859 2306 ·

178 2372 324 2432 Mercibus
338 2375 460 2434 invectis
475 2374 602 2455 peregri,
617 2395 694 2433 nunc
709 2375 806 2435 Scotia
813 2355 918 2456 jentat,

216 2483 363 2544 Combibit
377 2495 409 2544 et
420 2483 530 2563 placidi
545 2483 679 2568 satqharu
692 2486 779 2544 mista
792 2486 871 2546 thet.

537 2625 671 2685 Tuoruas
686 2626 822 2698 M‘Cnit,
837 2623 926 2684 AEtat.
944 2632 990 2686 15.

573 2851 625 2911 IV.

172 2996 350 3088 Commonn
364 3043 504 3089 mercator
518 3033 600 3090 nobis
615 3051 701 3109 quarn
715 3033 808 3091 multa
821 3040 956 3110 reportat,

211 3136 302 3211 Queis
317 3137 481 3196 detrectatis
495 3133 630 3217 languida
644 3140 730 3198 corda
743 3140 852 3199 dolent.

171 3245 201 3303 Is
215 3245 337 3323 patriam
352 3246 485 3323 linquens
499 3259 642 3306 extremos
657 3248 746 3306 currit
759 3247 796 3304 ad
811 3246 911 3319 Indos,

210 3353 253 3414 Ut
267 3357 367 3433 putriae
381 3355 484 3417 referat
498 3377 562 3436 quae
577 3377 629 3418 suu
642 3368 718 3418 terra
731 3367 826 3436 negat.
