2344 3996
516 327 556 409 41'

104 516 225 581 Mortis
239 523 393 594 tempestas
406 512 548 586 homines,
562 523 597 573 ut
607 487 726 573 ‘damino
738 485 832 591 flores,

156 622 273 698 Aufert,
287 634 318 684 et
330 623 451 682 sumillis
460 621 499 682 vti‘t
512 619 592 682 inoro
605 619 686 682 holla
697 621 779 684 viris.

113 736 176 808 Sic,
190 734 312 796 mortale
323 743 425 813 genus
439 733 589 806 trahimur,
604 747 773 812 properante
786 734 910 808 senoctl,

158 844 197 906 ln
211 841 320 905 flumen
334 863 430 904 secum
440 855 548 904 'cuncto
559 842 676 904 ferentis
689 863 779 922 oquoe.

681 984 761 1045 Gon.
775 984 931 1046 Mrnzrrs.

527 1203 570 1266 11.

115 1369 282 1462 Cinorus
295 1405 362 1454 curn
375 1387 489 1454 rediens
502 1394 619 1453 nivibus
632 1411 685 1454 ver
698 1413 768 1454 arva
781 1395 930 1468 remulcet,
967 1375 980 1431 .'

157 1503 297 1565 Mollibus
310 1512 341 1562 et
353 1493 488 1581 zephyris
502 1502 600 1562 mitior
613 1509 683 1562 ouro'
696 1504 787 1575 ven'lt,

114 1618 207 1688 Tum,
223 1615 310 1685 Rosa,
324 1625 358 1673 tu
371 1613 503 1673 redolens
516 1615 662 1693 turgentia
673 1615 804 1694 germino
816 1616 922 1688 trudis,

157 1723 303 1801 Couleque
317 1741 450 1782 muscoso
462 1722 663 1800 conspiciendo
675 1723 767 1782 sedes.
939 1703 942 1708 Ι

115 1830 217 1894 Primo
232 1829 302 1890 flore
315 1849 403 1902 novo,
417 1829 549 1906 foliisque
563 1831 724 1890 recentibus
737 1829 828 1902 holos,

158 1939 308 2018 Mandque
322 1941 464 2019 purpurei
477 1937 572 1998 fronte
585 1939 708 2016 superbo
720 1939 795 1999 nites
805 1961 817 2010 ς

114 2039 238 2111 Decidio
251 2061 291 2119 ot,
306 2066 383 2107 seres
396 2050 462 2106 curii
476 2065 579 2126 vesper
592 2046 718 2126 duplioot
731 2049 857 2120 umbros,

158 2157 227 2217 Solo
239 2169 347 2234 tuoque
361 2169 460 2216 monet
473 2157 556 2236 spino
569 2157 668 2217 relicta
679 2157 751 2218 loco.

116 2266 166 2325 Sic
180 2265 255 2343 perit
267 2262 406 2344 effulgens
419 2265 551 2325 mendo'ci
564 2265 655 2345 glorio
667 2263 742 2337 fuco,

159 2373 206 2434 Sic
219 2373 321 2445 honor,
335 2383 365 2432 et
379 2371 464 2432 fomae
476 2393 583 2432 nomen
596 2375 682 2433 inane
695 2375 777 2453 perit.

117 2483 166 2544 sic
179 2457 301 2562 pereunt
314 2482 458 2560 splendor,
473 2482 569 2552 decus,
583 2476 773 2542 et'terrestr'io
786 2497 896 2556 cuncta,

159 2591 207 2651 Sic
220 2611 294 2660 oasa,
310 2601 341 2650 et
354 2591 464 2670 ingenti
476 2589 593 2648 condior
605 2590 682 2650 mole
695 2565 816 2650 domuss

116 2699 181 2759 Nee
195 2696 260 2758 rard
274 2709 340 2758 ante
353 2699 440 2760 decus
454 2717 541 2776 quom
554 2695 655 2756 fonnoe
668 2697 840 2776 expanditur
852 2692 947 2774 omne',

160 2804 274 2865 Merces
287 2801 426 2884 proecipiti
439 2816 482 2875 tu,
496 2823 570 2876 roso,
584 2803 657 2863 lecto
675 2823 772 2865 manu.

118 2911 192 2973 Tale
200 2915 366 2994 juventutis
379 2906 471 2973 foturn
486 2933 550 2991 quae
562 2911 691 2992 germine
704 2925 810 2995 sorpta,

159 3019 257 3082 Morte
271 3021 425 3080 immaturi
439 3019 559 3099 disperit
571 3033 639 3082 onte
652 3021 739 3086 diem.

118 3128 163 3188 At
175 3127 243 3187 licet
255 3139 286 3188 et
298 3128 377 3188 tituli
389 3140 508 3208 pereant
519 3141 549 3190 et
561 3131 653 3210 gloria
666 3131 744 3204 vitae,

160 3234 262 3299 Firmo
274 3249 373 3300 monet
386 3240 489 3313 virtus,
504 3239 612 3314 vivido,
627 3240 684 3303 line
695 3259 805 3302 cerens.
