2344 3996
611 381 654 438 52

203 548 340 608 Culmina
352 547 479 606 centenis
493 546 664 604 incumbunt
677 537 752 602 celse
764 545 916 628 polumnis,

246 655 405 734 Splendens
419 665 505 732 atque
518 671 589 712 suro
603 651 681 731 regie
692 661 755 710 tots
768 651 865 711 mieut.

204 761 377 843 Magnificus
391 773 487 841 portus
500 761 555 820 dea
561 761 682 840 jamque
695 760 822 839 maligne
834 756 968 832 recludit,

246 874 288 934 Et
300 895 368 934 mox
381 872 545 952 pervadunt
556 872 658 930 limine
671 870 747 930 clera
759 866 876 931 domis.

116 989 118 1002 '
204 986 319 1044 Murice
332 1003 409 1042 nunc
422 993 518 1043 vestes
532 983 637 1042 tinetas
649 983 793 1042 mirentur
806 982 925 1054 Achivi,

243 1095 427 1171 Auratusque
440 1095 545 1163 trabes,
560 1109 809 1170 marmoreumque
823 1092 936 1164 solum„
979 1097 982 1104 '

206 1213 226 1243 “
239 1205 319 1284 Ergo
332 1205 382 1263 ubi
397 1201 538 1283 purpurei
552 1213 696 1280 porrectos
710 1213 792 1262 veste
805 1202 941 1274 locavit,''

245 1313 415 1392 Suppeditat
428 1313 522 1371 lautos
536 1331 637 1371 mensa
651 1323 749 1390 parata
762 1310 851 1372 cibos.

205 1421 316 1480 Cuilida
328 1433 398 1480 tune
412 1419 516 1478 saturis
530 1421 661 1480 convivis
675 1421 745 1480 vina
757 1419 914 1490 ministrat,

245 1527 326 1586 Dum
340 1539 475 1606 stupeant
488 1529 580 1588 musto
593 1529 680 1589 eorda
693 1529 805 1608 sepulta
818 1549 907 1588 mero.

205 1631 284 1693 Dein
298 1633 394 1694 subite
409 1655 528 1715 surgens
543 1636 613 1696 dicit
626 1635 724 1696 fatalia
737 1639 835 1708 verbe,

244 1741 285 1801 Et
298 1742 373 1801 fiunt
386 1745 464 1822 porci
478 1746 528 1822 qui
541 1755 608 1804 unte
621 1745 701 1804 fuere
715 1745 779 1804 viri.

206 1851 263 1910 Sed
277 1852 400 1929 primam
414 1853 541 1912 retinens
554 1851 677 1912 formam
690 1865 724 1912 tu
736 1853 825 1924 solus,
841 1851 974 1931 Ulysses,

245 1960 385 2020 Restituis
399 1961 500 2032 socios,
515 1961 546 2019 vi
560 1973 712 2040 superante
726 1961 829 2020 Deum.

206 2067 253 2126 Sic
266 2067 366 2126 eudem
381 2069 474 2128 virtus
490 2068 624 2128 Sirenum
638 2089 703 2145 quae
716 2071 826 2148 inclyta
838 2089 923 2130 voces

245 2169 334 2244 Vicit,
348 2193 426 2232 nunc
440 2175 537 2233 Circes
551 2176 667 2234 vincere
680 2179 769 2235 verbu
782 2178 869 2238 vaiet.

205 2279 349 2358 Exemplo
363 2279 455 2339 discus
469 2281 557 2361 igitur
571 2273 708 2361 sepientis
722 2283 860 2363 Ulyssei!

244 2386 344 2464 Atque
358 2385 523 2465 Voluptatis
537 2390 638 2467 pocula
650 2399 726 2449 tetre
739 2393 828 2450 cave!

206 2495 309 2574 Tuque
323 2495 389 2558 Deo
401 2498 493 2560 fidens
507 2501 654 2580 superabis
667 2513 771 2562 cuncta
783 2502 889 2581 pericla

211 2677 216 2690 ι
244 2601 331 2678 vitae,
347 2615 378 2667 et
390 2607 507 2671 virtutis
521 2610 640 2689 praemia
647 2611 730 2690 justu
742 2607 836 2670 feres!

734 2747 774 2810 D.
789 2745 826 2810 K.
841 2746 1019 2812 Snunsonu.
