2302 4000
618 391 661 453 92

209 560 337 622 Saltibus
349 557 449 622 intecti
461 514 560 629 colles,'
578 563 736 636 saxumque
750 557 867 618 circum'

209 667 325 730 Littera
336 689 413 730 nunc
427 666 553 746 Zephyri
566 665 681 737 ludunt,
701 685 778 726 nunc
794 665 889 726 fronte
902 665 1029 745 superbi
1141 681 1142 688 ¹

207 777 329 840 Fluctus
343 787 491 856 surgentes
505 775 663 835 Dominam
677 785 822 834 testentur
834 793 987 852 equorum.

248 995 317 1056 Non
332 994 409 1066 Itali,
431 994 526 1054 Persae
536 993 662 1054 'cultoses
675 995 753 1054 orbis
767 993 833 1064 Eoi,
847 1003 860 1011 ”

199 1101 278 1164 :Non
292 1103 378 1164 Nilus
393 1103 643 1181 quondamoives,
664 1097 852 1181 septemfluus
865 1102 971 1171 amnis,

208 1211 271 1270 Nec
285 1231 331 1270 res
345 1211 488 1282 Attalicos,
509 1222 559 1270 out
572 1210 638 1270 Afri
652 1211 776 1270 sitientis
790 1229 893 1280 arene,

207 1318 271 1378 Nec
285 1319 382 1398 Tagus
396 1317 525 1378 auriferis
538 1319 618 1396 ripis,
638 1339 692 1378 nec
705 1317 801 1378 Gallia
813 1328 924 1376 certent
940 1327 943 1332 ’

207 1426 310 1494 Laude
323 1427 494 1487 Caledonius.
533 1427 619 1487 Felix
633 1426 662 1486 Ο
677 1433 765 1498 sorte,
779 1426 888 1495 colone,

207 1533 270 1594 Illis
284 1535 330 1594 cui
343 1535 444 1594 cecidit
458 1538 511 1595 sub
522 1536 687 1594 montibus!
713 1546 780 1594 ante
793 1551 944 1592 coruscum

206 1639 343 1704 Titanem
357 1645 496 1724 exsurgis,
509 1644 632 1721 lae‘ooque
646 1644 742 1702 labore
755 1652 879 1720 peropto,

206 1750 258 1812 Ad
270 1771 365 1812 ossam
376 1752 429 1811 *ubi
442 1755 556 1832 conjux,
576 1764 606 1812 et
619 1752 669 1812 ubi
682 1761 751 1810 sunt
764 1752 884 1829 pignora
896 1767 973 1822 cose,

205 1861 275 1921 Non
288 1864 385 1922 animo
399 1863 484 1934 lasso,
498 1875 549 1923 tus
561 1861 830 1930 membralobantio
840 1859 940 1920 flectis.

207 1967 346 2048 Dumque
360 1981 442 2049 paret
454 1991 566 2030 coensm
579 1991 661 2042 uxor,
675 1971 781 2030 circum
796 1971 892 2029 oscula
905 1969 967 2028 noti

206 2075 349 2149 Pendent,
363 2078 513 2156 participes
526 2079 647 2138 risisin
660 2077 764 2150 fronte,
784 2079 869 2138 beato

206 2182 252 2244 Te
264 2186 401 2266 gaudent,
422 2187 560 2246 miserum
571 2197 603 2247 te
616 2187 744 2267 lacryma
756 2187 850 2264 plorat
862 2190 973 2250 acerbe.

245 2401 303 2462 Dic
312 2401 398 2474 mihi,
414 2404 463 2482 qui
476 2405 571 2483 pueris
584 2407 675 2484 pietas
688 2417 780 2478 muto,
800 2406 877 2466 unde
891 2406 984 2484 petite

206 2509 281 2570 Haec
294 2531 376 2572 mens
390 2513 477 2592 digna
486 2514 560 2586 viro,
574 2514 645 2574 dum
659 2515 754 2574 nescia
766 2524 915 2592 permanet
928 2517 1022 2578 aetas?

204 2619 337 2682 Libertas
352 2635 459 2682 reserat
471 2623 564 2682 cordis
578 2623 748 2701 penetralia!
770 2623 858 2681 sentit

204 2727 471 2802 Loetitiemsubiti,
493 2731 582 2791 sentit
595 2727 736 2807 citiusque
750 2730 878 2788 dolorem

202 2838 327 2900 Conscia
338 2859 420 2900 mens
434 2841 513 2912 recti,
528 2840 653 2900 retinent
659 2839 710 2898 ubi
721 2839 836 2898 vincula
848 2837 936 2897 nulls.

242 3044 272 3104 Ο
287 3044 352 3106 Dea
365 3045 508 3116 Libertas,
528 3045 607 3105 cordi
621 3045 786 3106 dulcissima
799 3064 905 3116 rerum,¹

201 3153 283 3230 Quid
297 3156 350 3214 tibi
362 3156 550 3216 commaculet
564 3167 674 3216 vestem
688 3155 858 3233 vultumque
873 3154 1029 3216 decorum!

201 3262 271 3322 Non
285 3263 330 3324 vis
344 3274 454 3325 naturae
467 3263 551 3326 faciet
564 3275 615 3324 tue
627 3262 718 3324 ferres
734 3274 852 3344 sceptra.
883 3289 889 3300 ·
