2302 4000
612 360 673 422 111·

288 529 435 588 Occulunt
448 529 517 590 solis
529 529 630 590 faeiem
643 531 789 590 tenebrae:

289 639 332 696 At
345 637 431 696 simul
446 638 515 698 eaelo
527 637 652 717 fugiunt,
666 639 783 707 mluoen

288 748 329 808 Et
342 761 427 828 caput
441 748 559 810 tandem
572 740 661 808 roseis
675 767 808 808 serenum

452 857 560 916 Condit
572 858 603 916 in
617 857 712 918 undis.

289 1073 346 1144 sic,
361 1075 410 1132 ubi
424 1075 494 1133 vitae
506 1073 555 1134 hic
567 1073 689 1134 hiemale
703 1084 818 1150 tenpus

288 1183 394 1262 Egere,
409 1185 462 1246 soh·
476 1185 578 1242 similis
590 1184 705 1243 cadenti

289 1287 415 1361 Lucido,¹
425 1291 518 1352 sidem
533 1291 627 1350 Patris
639 1293 671 1351 in
685 1291 769 1351 fidele

452 1399 555 1461 Pectus
569 1402 667 1460 amati.

808 1539 858 1600 Je.
872 1505 1031 1600 annon.

614 1785 655 1842 II.

206 1945 340 2037 Amen
356 1983 411 2054 qud
425 1977 494 2035 caelo
508 1997 543 2035 ex
557 1975 616 2034 alto
630 1996 725 2034 saevus
740 1979 797 2036 ruit
813 1979 913 2052 imber,

246 2085 288 2144 Et
300 2085 410 2144 fulmen
425 2085 556 2162 rapidum
571 2085 656 2144 findit
670 2097 825 2164 utrumque
839 2088 948 2164 polum.

209 2193 280 2252 Fert
293 2193 404 2253 validos
418 2213 515 2252 secum
529 2204 627 2252 tauros
641 2206 810 2272 tenerasque
822 2195 955 2274 capellas,

248 2299 398 2360 Pastorem
412 2314 530 2361 servant
542 2302 670 2360 munina
683 2321 757 2361 neve
770 2305 855 2361 bona.
890 2283 893 2290 V

208 2409 250 2468 At
264 2429 329 2468 cum
343 2410 490 2487 praeteriit,
506 2430 557 2469 nec
571 2411 662 2488 possit
676 2409 779 2470 laedere
793 2430 970 2490 quenquam,

248 2516 397 2596 Fugerunt
410 2517 520 2596 liquido
534 2517 633 2576 nubila
647 2529 752 2577 cuneta
765 2517 840 2596 polo.

206 2625 312 2704 Aspice
325 2632 382 2703 qua
395 2626 508 2706 fulgens
523 2625 650 2686 Phoebus
664 2647 741 2686 nune
754 2623 851 2685 fundit
863 2645 1017 2686 amoenum

247 2735 445 2814 splendorem,
460 2748 490 2795 et
503 2737 590 2795 radiis
605 2748 638 2796 ut
652 2738 740 2796 micat
753 2755 839 2795 omne
853 2736 946 2796 dium.

207 2843 235 2900 0
250 2844 376 2902 animam
390 2843 509 2903 reddam
521 2845 705 2921 tranquillus,
720 2845 770 2914 sic,
784 2856 815 2904 et
828 2854 942 2904 amatus
959 2845 967 2902 !
1089 2894 1091 2904 ,

248 2954 322 3012 Cum
337 2951 428 3010 vitem
439 2951 533 3030 exegi,
548 2951 704 3032 deficioque
717 2971 815 3014 manu.

205 3061 246 3129 Et
261 3060 363 3120 similis
377 3059 430 3117 soli
443 3059 556 3120 cedenti
570 3071 654 3122 nocte
667 3061 776 3139 quiete,

248 3167 282 3226 In
298 3167 398 3240 vitam,
413 3165 607 3247 dabiturque·
620 3169 683 3230 aine
696 3167 763 3238 fine,
778 3167 888 3228 volem.

620 3304 660 3366 T.
675 3304 704 3366 S.
721 3301 854 3366 Gemma.
868 3299 962 3366 AEtat.
980 3307 1030 3362 14.
1135 3393 1136 3414 Χ
