2344 3996
538 340 557 404 7

116 513 255 590 Longum
269 519 335 589 post
347 501 472 588 tempus,
487 529 552 568 cum
566 495 609 569 sol
623 509 780 574 confecerat
794 516 891 575 orbem

161 619 252 678 Haud
265 601 363 689 semel,
378 630 408 677 et
420 619 499 697 longi
512 620 672 696 praeteriere
686 621 766 691 dies;

116 725 231 806 AEquor
243 747 294 805 per
307 727 451 784 tumidum
465 721 631 786 'concurrere
645 747 714 786 saxa
726 729 870 800 videntur,

158 835 258 912 Atque
272 835 377 892 iterum
391 833 479 890 simili
493 854 568 911 saepe
581 835 675 894 redire
688 835 746 894 vii.

117 942 252 1020 Remigio
266 940 384 1000 tandem
397 937 489 998 sessus
503 940 563 998 dux
577 941 704 1000 Colchon
718 943 805 1002 inivit
812 965 823 1015 ;

161 1049 300 1109 Phasidos
314 1061 401 1126 atque
414 1049 503 1107 trucis
517 1060 632 1126 pectora
644 1062 742 1109 versat
755 1071 844 1111 arnor.

121 1156 197 1231 Quis
210 1177 268 1216 non
282 1159 455 1237 obstupeat?
477 1159 567 1216 tauris
582 1159 755 1236 spirantibus
769 1159 852 1238 ignes

161 1267 321 1326 Inviolatus
335 1280 397 1326 arat
411 1267 610 1346 Bellipotentis
624 1263 734 1350 agrum.

117 1375 300 1434 Exsomnem
313 1377 423 1455 magici
437 1377 583 1438 blanditur
596 1381 632 1436 ab
645 1389 705 1437 arte
720 1378 892 1450 Draconem,

158 1483 259 1542 Torsit
272 1495 301 1543 et
314 1485 345 1542 in
359 1462 464 1544 durum
478 1487 535 1545 tela
549 1495 667 1546 cruenta
679 1488 763 1546 latus.

115 1593 238 1662 Enecat,
252 1605 282 1652 et
295 1593 394 1652 rabido
409 1595 507 1654 dentes
522 1595 580 1654 dux
594 1597 682 1656 traxit
695 1599 730 1655 ab
745 1617 803 1667 ore,

159 1700 200 1757 Et
214 1701 283 1758 serit
296 1701 326 1758 in
340 1703 439 1780 rigidis
449 1704 564 1762 ¹semina
578 1703 683 1761 Martis
697 1705 782 1782 agris.

116 1809 181 1867 En!
196 1808 327 1868 homines
341 1812 463 1870 veniunt
475 1812 577 1869 armati
592 1832 608 1870 e
622 1813 731 1870 semine
745 1831 852 1889 sparso,

157 1919 217 1978 Vix
230 1921 317 1979 latere
330 1933 360 1980 et
372 1933 448 1980 tecto
463 1922 594 1980 Phasidis
608 1934 669 1982 arte
682 1922 765 2002 fugit.

116 2027 232 2086 Vellere
246 2029 285 2086 sic
298 2027 378 2088 fulvo
392 2042 473 2108 rapto
487 2031 602 2100 laetaris,
619 2031 715 2102 Iason,

159 2136 390 2214 conscenditque
404 2148 493 2197 ratem
506 2141 569 2218 jarn
584 2139 709 2200 rediture
724 2141 853 2200 domum.

682 2277 761 2338 Gur..
776 2279 932 2340 Mantzres.
1034 2333 1040 2343 .

519 2519 577 2578 III.

120 2661 185 2747 lna
200 2706 250 2766 per
264 2703 400 2745 oceanum
415 2683 542 2744 fallacem
555 2683 637 2742 fortis
654 2683 749 2753 Iason,

157 2794 313 2854 Insolitum
327 2794 414 2872 puppi
428 2811 543 2871 pergere
557 2801 650 2850 tentat
664 2791 732 2848 iter:

116 2901 246 2971 Alcides,
262 2901 402 2972 Theseus,
418 2899 567 2969 Telamon,
583 2917 648 2956 cum
662 2899 781 2957 Castore
796 2897 908 2971 Pollux,

157 3008 257 3085 Atque
270 3008 318 3066 alii
333 3007 417 3066 multi
432 3007 538 3065 vellera
551 3005 627 3065 flava
640 2983 793 3085 petunt,-

118 3115 233 3176 Heroes
247 3116 308 3173 ausi
322 3134 478 3193 magnum3
492 3114 564 3192 ,quis
578 3115 704 3174 crederet
718 3133 846 3190 unquam

158 3221 317 3300 AEquoreas
330 3203 478 3281 hominem
491 3241 605 3299 carpere
618 3238 702 3301 posse
715 3220 798 3279 vias?
