<?xml version="1.0" encoding="UTF-8"?>
<!DOCTYPE html PUBLIC "-//W3C//DTD XHTML 1.0 Transitional//EN"
    "http://www.w3.org/TR/xhtml1/DTD/xhtml1-transitional.dtd">
<html xmlns="http://www.w3.org/1999/xhtml" xml:lang="en" lang="en">
 <head>
  <title>
</title>
<meta http-equiv="Content-Type" content="text/html;charset=utf-8" />
  <meta name='ocr-system' content='tesseract 3.04.00' />
  <meta name='ocr-capabilities' content='ocr_page ocr_carea ocr_par ocr_line ocrx_word'/>
</head>
<body>
  <div class='ocr_page' id='page_1' title='image "./extentaminibusm00schgoog_0069.png"; bbox 0 0 2344 3996; ppageno 0'>
   <div class='ocr_carea' id='block_1_1' title="bbox 606 321 647 378">
    <p class='ocr_par' dir='ltr' id='par_1_1' title="bbox 606 321 647 378">
     <span class='ocr_line' id='line_1_1' title="bbox 606 321 647 378; baseline 0 0"><span class='ocrx_word' id='word_1_1' title='bbox 606 321 647 378; x_wconf 76' lang='lat'><strong>42</strong></span> 
     </span>
    </p>
   </div>
   <div class='ocr_carea' id='block_1_2' title="bbox 176 485 833 678">
    <p class='ocr_par' dir='ltr' id='par_1_2' title="bbox 176 485 833 678">
     <span class='ocr_line' id='line_1_2' title="bbox 190 485 833 566; baseline -0.006 -14"><span class='ocrx_word' id='word_1_2' title='bbox 190 487 265 552; x_wconf 78' lang='lat' dir='ltr'><strong>flaec</strong></span> <span class='ocrx_word' id='word_1_3' title='bbox 278 487 382 548; x_wconf 85' lang='lat' dir='ltr'><strong>hiemis</strong></span> <span class='ocrx_word' id='word_1_4' title='bbox 395 486 480 546; x_wconf 74' lang='lat' dir='ltr'><strong>suevis</strong></span> <span class='ocrx_word' id='word_1_5' title='bbox 494 485 608 546; x_wconf 84' lang='lat' dir='ltr'><strong>obsistit</strong></span> <span class='ocrx_word' id='word_1_6' title='bbox 621 487 682 546; x_wconf 82' lang='lat' dir='ltr'><strong>sole</strong></span> <span class='ocrx_word' id='word_1_7' title='bbox 694 487 833 566; x_wconf 85' lang='lat' dir='ltr'><strong>procellis,</strong></span> 
     </span>
     <span class='ocr_line' id='line_1_3' title="bbox 176 597 802 678; baseline 0 -20"><span class='ocrx_word' id='word_1_8' title='bbox 176 634 180 643; x_wconf 90' lang='lat'>-</span> <span class='ocrx_word' id='word_1_9' title='bbox 228 597 401 677; x_wconf 74' lang='lat' dir='ltr'>solaturque</span> <span class='ocrx_word' id='word_1_10' title='bbox 412 597 455 676; x_wconf 87' lang='lat' dir='ltr'><strong>pii</strong></span> <span class='ocrx_word' id='word_1_11' title='bbox 468 607 598 678; x_wconf 82' lang='lat' dir='ltr'><strong>tempora</strong></span> <span class='ocrx_word' id='word_1_12' title='bbox 611 615 724 658; x_wconf 79' lang='lat' dir='ltr'><strong>summa</strong></span> <span class='ocrx_word' id='word_1_13' title='bbox 736 598 802 658; x_wconf 90' lang='lat' dir='ltr'><strong>viri.</strong></span> 
     </span>
    </p>
   </div>
   <div class='ocr_carea' id='block_1_3' title="bbox 760 738 1003 802">
    <p class='ocr_par' dir='ltr' id='par_1_3' title="bbox 760 738 1003 802">
     <span class='ocr_line' id='line_1_4' title="bbox 760 738 1003 802; baseline 0.008 -2"><span class='ocrx_word' id='word_1_14' title='bbox 760 738 781 800; x_wconf 90' lang='lat' dir='ltr'>J</span> <span class='ocrx_word' id='word_1_15' title='bbox 783 757 810 798; x_wconf 89' lang='grc' dir='ltr'><strong>ο.</strong></span> <span class='ocrx_word' id='word_1_16' title='bbox 824 739 1003 802; x_wconf 70' lang='lat' dir='ltr'><strong>Crurscnt.</strong></span> 
     </span>
    </p>
   </div>
   <div class='ocr_carea' id='block_1_4' title="bbox 579 972 637 1040">
    <p class='ocr_par' dir='ltr' id='par_1_4' title="bbox 579 972 637 1040">
     <span class='ocr_line' id='line_1_5' title="bbox 579 972 637 1040; baseline 0.017 -9"><span class='ocrx_word' id='word_1_17' title='bbox 579 972 637 1040; x_wconf 86' lang='grc' dir='ltr'><strong>ΙΙΙ.</strong></span> 
     </span>
    </p>
   </div>
   <div class='ocr_carea' id='block_1_5' title="bbox 184 1136 901 1242">
    <p class='ocr_par' dir='ltr' id='par_1_5' title="bbox 184 1136 901 1242">
     <span class='ocr_line' id='line_1_6' title="bbox 184 1136 901 1242; baseline -0.008 -16"><span class='ocrx_word' id='word_1_18' title='bbox 184 1136 235 1226; x_wconf 86' lang='lat'>0</span> <span class='ocrx_word' id='word_1_19' title='bbox 252 1184 339 1235; x_wconf 66' lang='lat' dir='ltr'><strong>nost,</strong></span> <span class='ocrx_word' id='word_1_20' title='bbox 354 1183 418 1242; x_wconf 87' lang='lat' dir='ltr'><strong>quae</strong></span> <span class='ocrx_word' id='word_1_21' title='bbox 432 1163 534 1241; x_wconf 84' lang='lat' dir='ltr'><strong>pandis</strong></span> <span class='ocrx_word' id='word_1_22' title='bbox 543 1163 689 1240; x_wconf 89' lang='lat' dir='ltr'><strong>jucundos</strong></span> <span class='ocrx_word' id='word_1_23' title='bbox 703 1181 770 1220; x_wconf 89' lang='lat' dir='ltr'><strong>vere</strong></span> <span class='ocrx_word' id='word_1_24' title='bbox 784 1163 901 1233; x_wconf 85' lang='lat' dir='ltr'><strong>nitores,</strong></span> 
     </span>
    </p>
   </div>
   <div class='ocr_carea' id='block_1_6' title="bbox 188 1267 1052 3297">
    <p class='ocr_par' dir='ltr' id='par_1_6' title="bbox 229 1267 873 1349">
     <span class='ocr_line' id='line_1_7' title="bbox 229 1267 873 1349; baseline -0.005 -19"><span class='ocrx_word' id='word_1_25' title='bbox 229 1271 329 1349; x_wconf 87' lang='lat' dir='ltr'><strong>Atque</strong></span> <span class='ocrx_word' id='word_1_26' title='bbox 342 1277 426 1327; x_wconf 67' lang='lat' dir='ltr'><strong>omes</strong></span> <span class='ocrx_word' id='word_1_27' title='bbox 441 1267 566 1346; x_wconf 86' lang='lat' dir='ltr'><strong>pulchris</strong></span> <span class='ocrx_word' id='word_1_28' title='bbox 579 1267 657 1326; x_wconf 84' lang='lat' dir='ltr'><strong>culta</strong></span> <span class='ocrx_word' id='word_1_29' title='bbox 669 1269 763 1327; x_wconf 83' lang='lat' dir='ltr'><strong>vireta</strong></span> <span class='ocrx_word' id='word_1_30' title='bbox 774 1269 873 1328; x_wconf 89' lang='lat' dir='ltr'><strong>comis.</strong></span> 
     </span>
    </p>

    <p class='ocr_par' dir='ltr' id='par_1_7' title="bbox 190 1377 919 1568">
     <span class='ocr_line' id='line_1_8' title="bbox 190 1377 863 1462; baseline -0.003 -22"><span class='ocrx_word' id='word_1_31' title='bbox 190 1381 251 1462; x_wconf 75' lang='lat' dir='ltr'><strong>Vin¹</strong></span> <span class='ocrx_word' id='word_1_32' title='bbox 259 1378 461 1446; x_wconf 79' lang='lat' dir='ltr'><strong>monstravisti</strong></span> <span class='ocrx_word' id='word_1_33' title='bbox 475 1377 658 1456; x_wconf 76' lang='lat' dir='ltr'><strong>splendentes</strong></span> <span class='ocrx_word' id='word_1_34' title='bbox 671 1379 731 1438; x_wconf 90' lang='lat' dir='ltr'><strong>sole</strong></span> <span class='ocrx_word' id='word_1_35' title='bbox 744 1379 863 1451; x_wconf 80' lang='lat' dir='ltr'><strong>celoces,</strong></span> 
     </span>
     <span class='ocr_line' id='line_1_9' title="bbox 228 1484 919 1568; baseline 0.003 -20"><span class='ocrx_word' id='word_1_36' title='bbox 228 1487 380 1568; x_wconf 75' lang='lat' dir='ltr'><strong>Languida</strong></span> <span class='ocrx_word' id='word_1_37' title='bbox 393 1507 458 1546; x_wconf 88' lang='lat' dir='ltr'><strong>cum</strong></span> <span class='ocrx_word' id='word_1_38' title='bbox 472 1484 592 1564; x_wconf 60' lang='lat' dir='ltr'><strong>propere</strong></span> <span class='ocrx_word' id='word_1_39' title='bbox 606 1486 686 1545; x_wconf 84' lang='lat' dir='ltr'><strong>caule</strong></span> <span class='ocrx_word' id='word_1_40' title='bbox 699 1486 812 1546; x_wconf 84' lang='lat' dir='ltr'>virente</span> <span class='ocrx_word' id='word_1_41' title='bbox 824 1488 919 1550; x_wconf 63' lang='lat' dir='ltr'><strong>cndu.</strong></span> 
     </span>
    </p>

    <p class='ocr_par' dir='ltr' id='par_1_8' title="bbox 188 1593 934 1782">
     <span class='ocr_line' id='line_1_10' title="bbox 188 1593 934 1676; baseline -0.007 -15"><span class='ocrx_word' id='word_1_42' title='bbox 188 1599 323 1661; x_wconf 82' lang='lat' dir='ltr'><strong>Floribus</strong></span> <span class='ocrx_word' id='word_1_43' title='bbox 336 1597 481 1676; x_wconf 80' lang='lat' dir='ltr'>expansis,</span> <span class='ocrx_word' id='word_1_44' title='bbox 497 1595 663 1674; x_wconf 80' lang='lat' dir='ltr'>Zephyrum</span> <span class='ocrx_word' id='word_1_45' title='bbox 677 1593 825 1672; x_wconf 83' lang='lat' dir='ltr'><strong>perfundis</strong></span> <span class='ocrx_word' id='word_1_46' title='bbox 839 1597 934 1668; x_wconf 88' lang='lat' dir='ltr'><strong>odore,</strong></span> 
     </span>
     <span class='ocr_line' id='line_1_11' title="bbox 229 1703 838 1782; baseline -0.003 -17"><span class='ocrx_word' id='word_1_47' title='bbox 229 1704 270 1765; x_wconf 89' lang='lat' dir='ltr'><strong>Et</strong></span> <span class='ocrx_word' id='word_1_48' title='bbox 283 1723 352 1764; x_wconf 85' lang='lat' dir='ltr'><strong>mox</strong></span> <span class='ocrx_word' id='word_1_49' title='bbox 366 1704 495 1764; x_wconf 84' lang='lat' dir='ltr'><strong>demittis</strong></span> <span class='ocrx_word' id='word_1_50' title='bbox 509 1704 636 1764; x_wconf 82' lang='lat' dir='ltr'><strong>marcida</strong></span> <span class='ocrx_word' id='word_1_51' title='bbox 648 1703 731 1764; x_wconf 87' lang='lat' dir='ltr'><strong>triste</strong></span> <span class='ocrx_word' id='word_1_52' title='bbox 744 1714 838 1782; x_wconf 78' lang='lat' dir='ltr'><strong>caput.</strong></span> 
     </span>
    </p>

    <p class='ocr_par' dir='ltr' id='par_1_9' title="bbox 188 1811 894 2000">
     <span class='ocr_line' id='line_1_12' title="bbox 188 1811 894 1892; baseline -0.006 -18"><span class='ocrx_word' id='word_1_53' title='bbox 188 1813 324 1874; x_wconf 81' lang='lat' dir='ltr'><strong>Forsitan</strong></span> <span class='ocrx_word' id='word_1_54' title='bbox 338 1823 388 1872; x_wconf 80' lang='lat' dir='ltr'><strong>aut</strong></span> <span class='ocrx_word' id='word_1_55' title='bbox 401 1814 504 1892; x_wconf 82' lang='lat' dir='ltr'><strong>aliquis</strong></span> <span class='ocrx_word' id='word_1_56' title='bbox 517 1824 617 1872; x_wconf 89' lang='lat' dir='ltr'><strong>tenero</strong></span> <span class='ocrx_word' id='word_1_57' title='bbox 630 1823 660 1872; x_wconf 88' lang='lat' dir='ltr'><strong>te</strong></span> <span class='ocrx_word' id='word_1_58' title='bbox 672 1812 753 1870; x_wconf 83' lang='lat' dir='ltr'><strong>caule</strong></span> <span class='ocrx_word' id='word_1_59' title='bbox 765 1811 894 1883; x_wconf 79' lang='lat' dir='ltr'><strong>revellat,</strong></span> 
     </span>
     <span class='ocr_line' id='line_1_13' title="bbox 228 1920 826 2000; baseline -0.003 -18"><span class='ocrx_word' id='word_1_60' title='bbox 228 1921 271 1982; x_wconf 87' lang='lat' dir='ltr'><strong>Et</strong></span> <span class='ocrx_word' id='word_1_61' title='bbox 284 1933 391 1982; x_wconf 82' lang='lat' dir='ltr'><strong>terrem</strong></span> <span class='ocrx_word' id='word_1_62' title='bbox 403 1920 480 1982; x_wconf 79' lang='lat' dir='ltr'><strong>foliis</strong></span> <span class='ocrx_word' id='word_1_63' title='bbox 494 1932 609 2000; x_wconf 78' lang='lat' dir='ltr'><strong>sparget</strong></span> <span class='ocrx_word' id='word_1_64' title='bbox 622 1931 716 1980; x_wconf 82' lang='lat' dir='ltr'><strong>atroce</strong></span> <span class='ocrx_word' id='word_1_65' title='bbox 729 1939 826 1980; x_wconf 83' lang='lat' dir='ltr'><strong>manu.</strong></span> 
     </span>
    </p>

    <p class='ocr_par' dir='ltr' id='par_1_10' title="bbox 189 2027 1052 2215">
     <span class='ocr_line' id='line_1_14' title="bbox 189 2027 1052 2109; baseline 0.002 -20"><span class='ocrx_word' id='word_1_66' title='bbox 189 2029 247 2103; x_wconf 85' lang='lat' dir='ltr'><strong>Sic,</strong></span> <span class='ocrx_word' id='word_1_67' title='bbox 260 2030 359 2102; x_wconf 84' lang='lat' dir='ltr'>homo,</span> <span class='ocrx_word' id='word_1_68' title='bbox 373 2041 406 2088; x_wconf 90' lang='lat' dir='ltr'><strong>tu</strong></span> <span class='ocrx_word' id='word_1_69' title='bbox 420 2049 529 2090; x_wconf 82' lang='lat' dir='ltr'><strong>marces</strong></span> <span class='ocrx_word' id='word_1_70' title='bbox 543 2027 674 2108; x_wconf 66' lang='lat' dir='ltr'><strong>propere,</strong></span> <span class='ocrx_word' id='word_1_71' title='bbox 689 2029 837 2106; x_wconf 81' lang='lat' dir='ltr'><strong>vitamque</strong></span> <span class='ocrx_word' id='word_1_72' title='bbox 850 2029 988 2109; x_wconf 85' lang='lat' dir='ltr'><strong>relinquis</strong></span> <span class='ocrx_word' id='word_1_73' title='bbox 994 2053 1052 2106; x_wconf 74' lang='lat'><strong>3—-</strong></span> 
     </span>
     <span class='ocr_line' id='line_1_15' title="bbox 230 2137 912 2215; baseline 0 -17"><span class='ocrx_word' id='word_1_74' title='bbox 230 2138 327 2212; x_wconf 85' lang='lat' dir='ltr'><strong>Quam</strong></span> <span class='ocrx_word' id='word_1_75' title='bbox 341 2139 448 2208; x_wconf 87' lang='lat' dir='ltr'><strong>brevis,</strong></span> <span class='ocrx_word' id='word_1_76' title='bbox 462 2137 613 2208; x_wconf 85' lang='lat' dir='ltr'><strong>instabilis,</strong></span> <span class='ocrx_word' id='word_1_77' title='bbox 628 2137 712 2215; x_wconf 84' lang='lat' dir='ltr'><strong>plena</strong></span> <span class='ocrx_word' id='word_1_78' title='bbox 725 2137 822 2198; x_wconf 84' lang='lat' dir='ltr'><strong>dolore</strong></span> <span class='ocrx_word' id='word_1_79' title='bbox 836 2139 912 2200; x_wconf 87' lang='lat' dir='ltr'><strong>dies!</strong></span> 
     </span>
    </p>

    <p class='ocr_par' dir='ltr' id='par_1_11' title="bbox 189 2243 972 2432">
     <span class='ocr_line' id='line_1_16' title="bbox 189 2243 972 2326; baseline 0.006 -22"><span class='ocrx_word' id='word_1_80' title='bbox 189 2245 267 2306; x_wconf 83' lang='lat' dir='ltr'><strong>Nam</strong></span> <span class='ocrx_word' id='word_1_81' title='bbox 281 2245 360 2323; x_wconf 88' lang='lat' dir='ltr'><strong>prius</strong></span> <span class='ocrx_word' id='word_1_82' title='bbox 374 2244 501 2322; x_wconf 86' lang='lat' dir='ltr'><strong>augescit</strong></span> <span class='ocrx_word' id='word_1_83' title='bbox 514 2249 602 2321; x_wconf 66' lang='lat' dir='ltr'><strong>quum</strong></span> <span class='ocrx_word' id='word_1_84' title='bbox 616 2243 722 2304; x_wconf 87' lang='lat' dir='ltr'><strong>florens</strong></span> <span class='ocrx_word' id='word_1_85' title='bbox 736 2265 811 2325; x_wconf 79' lang='lat' dir='ltr'><strong>crepe</strong></span> <span class='ocrx_word' id='word_1_86' title='bbox 820 2249 972 2326; x_wconf 84' lang='lat' dir='ltr'><strong>juventus,</strong></span> 
     </span>
     <span class='ocr_line' id='line_1_17' title="bbox 229 2350 803 2432; baseline 0.007 -21"><span class='ocrx_word' id='word_1_87' title='bbox 229 2351 321 2412; x_wconf 80' lang='lat' dir='ltr'><strong>Morti</strong></span> <span class='ocrx_word' id='word_1_88' title='bbox 334 2353 498 2410; x_wconf 74' lang='lat' dir='ltr'><strong>immaturae</strong></span> <span class='ocrx_word' id='word_1_89' title='bbox 510 2350 610 2412; x_wconf 85' lang='lat' dir='ltr'><strong>cedere</strong></span> <span class='ocrx_word' id='word_1_90' title='bbox 623 2351 683 2412; x_wconf 81' lang='lat' dir='ltr'><strong>sata</strong></span> <span class='ocrx_word' id='word_1_91' title='bbox 689 2355 803 2432; x_wconf 83' lang='lat' dir='ltr'><strong>jubent.</strong></span> 
     </span>
    </p>

    <p class='ocr_par' dir='ltr' id='par_1_12' title="bbox 188 2459 902 2655">
     <span class='ocr_line' id='line_1_18' title="bbox 188 2459 844 2542; baseline 0.005 -19"><span class='ocrx_word' id='word_1_92' title='bbox 188 2459 300 2524; x_wconf 51' lang='lat' dir='ltr'><strong>¹Omnis</strong></span> <span class='ocrx_word' id='word_1_93' title='bbox 313 2463 354 2522; x_wconf 92' lang='lat' dir='ltr'><strong>sic</strong></span> <span class='ocrx_word' id='word_1_94' title='bbox 367 2461 492 2522; x_wconf 79' lang='lat' dir='ltr'><strong>volitant</strong></span> <span class='ocrx_word' id='word_1_95' title='bbox 505 2463 635 2522; x_wconf 73' lang='lat' dir='ltr'><strong>mortalis</strong></span> <span class='ocrx_word' id='word_1_96' title='bbox 648 2465 753 2542; x_wconf 76' lang='lat' dir='ltr'><strong>gaudia</strong></span> <span class='ocrx_word' id='word_1_97' title='bbox 765 2467 844 2539; x_wconf 87' lang='lat' dir='ltr'><strong>vitae,</strong></span> 
     </span>
     <span class='ocr_line' id='line_1_19' title="bbox 227 2569 902 2655; baseline 0.009 -26"><span class='ocrx_word' id='word_1_98' title='bbox 227 2569 374 2648; x_wconf 82' lang='lat' dir='ltr'><strong>Nullaque</strong></span> <span class='ocrx_word' id='word_1_99' title='bbox 388 2569 530 2649; x_wconf 44' lang='lat' dir='ltr'><strong>quaesitus·</strong></span> <span class='ocrx_word' id='word_1_100' title='bbox 539 2571 621 2650; x_wconf 79' lang='lat' dir='ltr'><strong>signa</strong></span> <span class='ocrx_word' id='word_1_101' title='bbox 634 2572 770 2651; x_wconf 87' lang='lat' dir='ltr'><strong>relinquit</strong></span> <span class='ocrx_word' id='word_1_102' title='bbox 783 2572 885 2634; x_wconf 88' lang='lat' dir='ltr'><strong>honor.</strong></span> <span class='ocrx_word' id='word_1_103' title='bbox 900 2644 902 2655; x_wconf 40' lang='grc' dir='ltr'>Ι</span> 
     </span>
    </p>

    <p class='ocr_par' dir='ltr' id='par_1_13' title="bbox 188 2679 980 2867">
     <span class='ocr_line' id='line_1_20' title="bbox 188 2679 980 2763; baseline 0.008 -21"><span class='ocrx_word' id='word_1_104' title='bbox 188 2682 247 2742; x_wconf 89' lang='lat' dir='ltr'><strong>Ast</strong></span> <span class='ocrx_word' id='word_1_105' title='bbox 259 2680 381 2752; x_wconf 85' lang='lat' dir='ltr'><strong>homini,</strong></span> <span class='ocrx_word' id='word_1_106' title='bbox 395 2679 507 2751; x_wconf 83' lang='lat' dir='ltr'><strong>Virtus,</strong></span> <span class='ocrx_word' id='word_1_107' title='bbox 522 2700 653 2742; x_wconf 83' lang='lat' dir='ltr'><strong>remanes</strong></span> <span class='ocrx_word' id='word_1_108' title='bbox 666 2695 700 2742; x_wconf 91' lang='lat' dir='ltr'><strong>tu</strong></span> <span class='ocrx_word' id='word_1_109' title='bbox 713 2695 827 2763; x_wconf 88' lang='lat' dir='ltr'><strong>tempus</strong></span> <span class='ocrx_word' id='word_1_110' title='bbox 841 2687 872 2746; x_wconf 83' lang='lat' dir='ltr'><strong>in</strong></span> <span class='ocrx_word' id='word_1_111' title='bbox 886 2705 980 2760; x_wconf 86' lang='lat' dir='ltr'><strong>omne,</strong></span> 
     </span>
     <span class='ocr_line' id='line_1_21' title="bbox 230 2788 792 2867; baseline 0.009 -19"><span class='ocrx_word' id='word_1_112' title='bbox 230 2789 352 2867; x_wconf 82' lang='lat' dir='ltr'><strong>Solaque</strong></span> <span class='ocrx_word' id='word_1_113' title='bbox 366 2799 399 2848; x_wconf 82' lang='lat' dir='ltr'><strong>tu</strong></span> <span class='ocrx_word' id='word_1_114' title='bbox 413 2788 488 2850; x_wconf 80' lang='lat' dir='ltr'><strong>facili</strong></span> <span class='ocrx_word' id='word_1_115' title='bbox 502 2789 583 2854; x_wconf 89' lang='lat' dir='ltr'><strong>ducis</strong></span> <span class='ocrx_word' id='word_1_116' title='bbox 596 2791 633 2850; x_wconf 83' lang='lat' dir='ltr'><strong>ad</strong></span> <span class='ocrx_word' id='word_1_117' title='bbox 643 2804 721 2850; x_wconf 83' lang='lat' dir='ltr'><strong>astra</strong></span> <span class='ocrx_word' id='word_1_118' title='bbox 734 2795 792 2852; x_wconf 74' lang='lat' dir='ltr'><strong>vil.</strong></span> 
     </span>
    </p>

    <p class='ocr_par' dir='ltr' id='par_1_14' title="bbox 191 2896 940 3088">
     <span class='ocr_line' id='line_1_22' title="bbox 191 2896 940 2980; baseline 0.011 -25"><span class='ocrx_word' id='word_1_119' title='bbox 191 2896 251 2970; x_wconf 87' lang='lat' dir='ltr'><strong>Qui</strong></span> <span class='ocrx_word' id='word_1_120' title='bbox 264 2908 316 2955; x_wconf 80' lang='lat' dir='ltr'><strong>tue</strong></span> <span class='ocrx_word' id='word_1_121' title='bbox 329 2896 406 2955; x_wconf 83' lang='lat' dir='ltr'><strong>dicta</strong></span> <span class='ocrx_word' id='word_1_122' title='bbox 419 2908 508 2967; x_wconf 88' lang='lat' dir='ltr'><strong>tenet,</strong></span> <span class='ocrx_word' id='word_1_123' title='bbox 524 2897 625 2956; x_wconf 80' lang='lat' dir='ltr'><strong>timeat</strong></span> <span class='ocrx_word' id='word_1_124' title='bbox 638 2920 691 2958; x_wconf 91' lang='lat' dir='ltr'><strong>nec</strong></span> <span class='ocrx_word' id='word_1_125' title='bbox 705 2899 850 2980; x_wconf 76' lang='lat' dir='ltr'><strong>inhospita</strong></span> <span class='ocrx_word' id='word_1_126' title='bbox 863 2922 940 2974; x_wconf 81' lang='lat' dir='ltr'><strong>saxa,</strong></span> 
     </span>
     <span class='ocr_line' id='line_1_23' title="bbox 228 3003 850 3088; baseline 0.014 -25"><span class='ocrx_word' id='word_1_127' title='bbox 228 3003 365 3082; x_wconf 86' lang='lat' dir='ltr'><strong>AEquoris</strong></span> <span class='ocrx_word' id='word_1_128' title='bbox 379 3005 495 3062; x_wconf 81' lang='lat' dir='ltr'><strong>insanas</strong></span> <span class='ocrx_word' id='word_1_129' title='bbox 508 3025 561 3064; x_wconf 88' lang='lat' dir='ltr'><strong>nec</strong></span> <span class='ocrx_word' id='word_1_130' title='bbox 574 3011 736 3068; x_wconf 82' lang='lat' dir='ltr'><strong>resonantis</strong></span> <span class='ocrx_word' id='word_1_131' title='bbox 750 3029 850 3088; x_wconf 73' lang='lat' dir='ltr'><strong>aquas.</strong></span> 
     </span>
    </p>

    <p class='ocr_par' dir='ltr' id='par_1_15' title="bbox 191 3111 941 3297">
     <span class='ocr_line' id='line_1_24' title="bbox 191 3111 824 3190; baseline 0.013 -20"><span class='ocrx_word' id='word_1_132' title='bbox 191 3111 287 3170; x_wconf 78' lang='lat' dir='ltr'><strong>Corda</strong></span> <span class='ocrx_word' id='word_1_133' title='bbox 299 3123 380 3189; x_wconf 88' lang='lat' dir='ltr'><strong>potes</strong></span> <span class='ocrx_word' id='word_1_134' title='bbox 395 3112 467 3170; x_wconf 88' lang='lat' dir='ltr'><strong>senii</strong></span> <span class='ocrx_word' id='word_1_135' title='bbox 481 3111 562 3172; x_wconf 70' lang='lat' dir='ltr'><strong>facile</strong></span> <span class='ocrx_word' id='word_1_136' title='bbox 577 3134 702 3176; x_wconf 83' lang='lat' dir='ltr'><strong>recreare</strong></span> <span class='ocrx_word' id='word_1_137' title='bbox 716 3117 824 3190; x_wconf 80' lang='lat' dir='ltr'><strong>caduci,</strong></span> 
     </span>
     <span class='ocr_line' id='line_1_25' title="bbox 230 3219 941 3297; baseline 0.013 -20"><span class='ocrx_word' id='word_1_138' title='bbox 230 3219 430 3297; x_wconf 83' lang='lat' dir='ltr'><strong>Constansque</strong></span> <span class='ocrx_word' id='word_1_139' title='bbox 443 3219 480 3280; x_wconf 84' lang='lat' dir='ltr'><strong>ad</strong></span> <span class='ocrx_word' id='word_1_140' title='bbox 494 3240 637 3282; x_wconf 80' lang='lat' dir='ltr'><strong>summam</strong></span> <span class='ocrx_word' id='word_1_141' title='bbox 653 3225 714 3284; x_wconf 78' lang='lat' dir='ltr'><strong>sola</strong></span> <span class='ocrx_word' id='word_1_142' title='bbox 726 3245 842 3286; x_wconf 79' lang='lat' dir='ltr'><strong>manere</strong></span> <span class='ocrx_word' id='word_1_143' title='bbox 855 3227 941 3288; x_wconf 87' lang='lat' dir='ltr'><strong>diem.</strong></span> 
     </span>
    </p>
   </div>
   <div class='ocr_carea' id='block_1_7' title="bbox 755 3363 1005 3426">
    <p class='ocr_par' dir='ltr' id='par_1_16' title="bbox 755 3363 1005 3426">
     <span class='ocr_line' id='line_1_26' title="bbox 755 3363 1005 3426; baseline 0.024 -6"><span class='ocrx_word' id='word_1_144' title='bbox 755 3364 789 3421; x_wconf 90' lang='lat' dir='ltr'><strong>E.</strong></span> <span class='ocrx_word' id='word_1_145' title='bbox 806 3363 1005 3426; x_wconf 72' lang='lat' dir='ltr'><strong>Prnnnnrox.</strong></span> 
     </span>
    </p>
   </div>
   <div class='ocr_carea' id='block_1_8' title="bbox 0 0 1176 3996">
    <p class='ocr_par' dir='ltr' id='par_1_17' title="bbox 0 0 1176 3996">
     <span class='ocr_line' id='line_1_27' title="bbox 0 0 1176 3996; baseline 0 0"><span class='ocrx_word' id='word_1_146' title='bbox 0 0 1176 3996; x_wconf 95' lang='lat' dir='ltr'><strong> </strong></span> 
     </span>
    </p>
   </div>
  </div>
 </body>
</html>
