2302 4000
486 344 528 404 63

87 514 220 591 Antiqua
230 523 341 594 gentes,
361 514 448 574 decus
460 514 515 575 boc
528 517 638 594 liquere
649 515 811 589 Britannis,-

88 624 244 702 Liquerunt
257 625 371 704 penitus
385 625 486 684 divisis
500 628 568 684 orbe
582 625 729 686 Britannis
741 629 762 685 t·

88 735 194 795 Ultima
207 737 257 814 qui
271 735 374 814 Libyes
387 735 501 794 deserta
512 746 542 794 et
555 734 701 814 inhospita
714 757 783 797 saxa

88 846 262 918 Laedentes,
282 847 401 906 tandem
415 849 469 906 sub
482 845 576 906 Lunae
589 848 736 907 montibus
749 848 815 908 altis

89 941 255 1032 Spectbrunt
267 954 396 1027 fontem
417 954 504 1015 viridi
518 973 631 1033 quoque
644 956 751 1034 cespite
763 957 913 1029 cinctum,-

89 1061 120 1120 In
134 1064 234 1136 Terra,
250 1075 362 1124 veteres
375 1065 421 1121 un'
435 1081 521 1140 quam
535 1063 594 1122 sole
608 1065 757 1141 putebant,

91 1169 231 1232 Privatam
246 1172 379 1230 domibus
386 1193 396 1243 3
417 1169 520 1230 verdrn
533 1170 581 1230 hic
594 1171 780 1250 septemfluus
790 1172 888 1231 'amnis

89 1276 188 1358 Surgit,
209 1291 240 1340 et
255 1280 369 1360 irriguis
383 1280 523 1358 percurrit
535 1280 667 1359 gramina
679 1281 759 1340 rivis.

89 1383 275 1464 Temporibus
288 1388 384 1458 certis,
405 1387 491 1446 nudis
505 1387 679 1465 pluvialibrn
691 1399 817 1458 auctus..

89 1491 255 1554 Contractus
269 1495 357 1572 ripas,
376 1495 451 1554 celeb
465 1495 502 1554 de
515 1515 585 1572 rupe
601 1494 776 1574 profundum

89 1598 198 1662 Decidit
211 1604 245 1661 in
258 1603 425 1661 barathrum
439 1613 572 1674 torrens;
593 1615 663 1662 tunc
675 1607 773 1664 omnia
786 1607 915 1665 circum*

90 1707 244 1768 Albescunt
258 1709 370 1787 spumd,
390 1708 485 1788 fragor
499 1710 599 1787 ingens
614 1709 721 1768 aethera
737 1713 861 1790 complet

90 1812 194 1896 Longe,
214 1817 350 1876 tartareis
365 1817 532 1893 sonitusque
546 1815 662 1888 auditur
676 1817 812 1876 Auernis.

127 2035 304 2096 Horrificum
318 2048 480 2096 memorant
492 2036 609 2108 factum,
624 2037 753 2098 mirabile
769 2037 873 2108 dictu,-

92 2141 182 2202 lncola
197 2145 276 2223 quod
290 2146 379 2224 gessit
392 2146 515 2205 mirante
530 2165 582 2204 suo
595 2145 724 2224 hospite:
747 2144 891 2205 Leniburn

92 2251 220 2314 Scandit:
237 2247 420 2334 jactatasque
435 2256 484 2314 diu
499 2258 697 2334 spumantibus
713 2257 808 2328 undis,

93 2361 195 2440 Sponte
210 2366 333 2424 remittit
346 2365 481 2437 brachis;
502 2387 593 2443 prono
607 2367 689 2424 illurn
702 2368 802 2426 alveus
816 2368 895 2426 amni

93 2471 267 2554 Praecipitem
282 2477 356 2554 rapit
370 2477 400 2534 in
414 2488 605 2546 cataractam
630 2477 747 2536 territus
762 2476 821 2536 alte

94 2577 191 2642 Haeret
206 2595 357 2660 spectator,
379 2583 470 2642 donec
484 2583 581 2660 procul
595 2603 679 2641 amne
693 2583 828 2641 secundo

94 2686 268 2752 Incolumem
282 2691 373 2750 cernit
386 2689 453 2750 forti
467 2709 532 2750 curn
546 2690 653 2770 remige
667 2691 803 2750 lembum.

132 2905 211 2966 Hinc
225 2908 323 2968 labens
338 2891 445 2969 flumen
460 2898 623 2968 concessam
636 2927 755 2968 munere
769 2908 880 2968 divum*

95 3010 257 3092 Ingreditur
271 3009 388 3086 aonam,
397 3015 614 3094 AEgyptumque
628 3015 664 3075 ad
678 3026 754 3076 tecta
768 3016 886 3095 Syenen

95 3119 242 3199 Apparent
257 3124 384 3184 Thebae:
406 3127 474 3184 urbs
488 3136 603 3184 centum
617 3123 673 3184 suit
685 3125 794 3204 inclyta
811 3125 914 3204 portis,

96 3224 175 3288 Dum
190 3243 286 3308 portas
296 3232 407 3304 babuit,
428 3233 478 3292 sed
491 3233 581 3293 diruit
595 3234 691 3294 omnia
704 3245 832 3312 tempus:

95 3335 183 3398 Urbis
197 3341 362 3404 Thebarum
376 3343 427 3404 vix
439 3341 581 3424 fragmine
594 3363 683 3424 pauca
697 3353 859 3424 supersunt.
