2302 4000
604 651 664 714 111„

207 813 477 928 Consummatur
491 837 555 896 aliae
567 845 667 916 gentes
681 832 825 893 Panchbia
837 853 914 906 rum,
942 899 944 904 Ι

202 953 341 1030 Arvaque
356 949 495 1028 Gangetis
510 945 638 1026 surgenti
652 945 767 1004 subdita
781 943 900 1014 Phoebo,

203 1061 268 1120 Aut
282 1037 420 1119 umorum
432 1055 566 1128 viridem,
579 1073 692 1114 emas
706 1053 756 1132 qur
770 1053 861 1131 spirat
873 1051 988 1123 odora,

205 1168 249 1227 Et
261 1168 352 1227 ditata
365 1164 446 1226 Mitt
458 1164 568 1248 Pactoli
583 1175 684 1244 stagna
696 1161 825 1220 rubentis

207 1276 316 1345 Aurea,
330 1273 474 1332 volventis
488 1271 686 1330 mtilum'cum
701 1269 835 1328 fluctibus
848 1260 971 1328 aurumi

208 1382 272 1440 Aut
285 1379 372 1444 Durii
383 1381 529 1444 celebrent
542 1390 697 1438 vernantes
710 1375 814 1436 fertilis
826 1395 921 1456 agros,

207 1491 413 1570 Hispanosque
426 1491 516 1562 viros,
528 1510 619 1570 genus
633 1488 812 1549 intractabile
824 1487 900 1546 bello
910 1506 925 1556 ς.

206 1601 362 1681 Regnaque
371 1600 522 1660 Gallorum
531 1599 679 1658 humectat
685 1619 751 1678 quae
758 1597 881 1677 lympha
887 1595 1072 1656 Garumnae:

208 1713 283 1772 Cara
296 1711 452 1772 Caledonio
465 1711 557 1790 magis
571 1721 616 1770 est
629 1729 682 1768 arra
693 1719 771 1768 terra
783 1719 913 1786 paterna,
1140 1683 1141 1706 Χ

207 1823 309 1882 Carior
321 1831 366 1880 est
378 1820 459 1880 collis
472 1818 593 1898 rigidus,
607 1816 770 1895 fluviusque
784 1837 916 1888 sonorus,

208 1927 355 2009 Omnibus
368 1929 414 1988 his
428 1927 523 2000 terris,
538 1926 587 1986 ubi
601 1937 669 1984 trux
683 1925 745 1985 sine
757 1925 820 2004 lege
833 1936 979 2004 tyrurmus

207 2040 357 2118 Opprimit
369 2037 509 2112 infaustos
523 2036 655 2115 populor,
669 2036 718 2096 ubi
726 2038 813 2116 jussa
824 2036 957 2115 magistri

206 2146 341 2206 Festinat
355 2165 466 2216 servus,
480 2165 534 2222 neo
549 2144 701 2221 quisquam
715 2165 751 2204 ex
764 2144 878 2224 agmine
891 2153 967 2216 toto,

201 2233 377 2327 ¹Detrectore
385 2255 501 2332 jugum,
514 2253 733 2329 libertatemque
746 2252 856 2314 colonis

208 2360 350 2432 Reddere,
364 2371 395 2420 et
407 2359 541 2439 indignos
554 2380 635 2440 reges
648 2360 789 2438 depellere
801 2369 906 2430 tentat.

209 2470 353 2546 Quamvis
366 2492 426 2530 non
436 2469 545 2530 foribus
559 2482 678 2556 surgant
690 2471 758 2530 huic
771 2481 847 2531 tecta
862 2471 1008 2550 superbis,

208 2581 271 2640 Nec
285 2599 348 2654 sese
360 2590 448 2640 aerato
463 2579 617 2640 stridentes
629 2579 750 2642 cardine
758 2589 861 2658 'postes

208 2689 343 2761 Vertant,
356 2709 410 2748 nec
422 2689 493 2750 luxu
506 2687 595 2768 regali
607 2705 712 2748 mensa
721 2689 881 2767 gemiscens
1006 2737 1011 2742 .

208 2797 341 2875 Accipiat
354 2797 416 2856 vini
429 2815 542 2876 semper
554 2796 690 2860 convivia
702 2796 769 2857 leta
779 2816 797 2866 ,··

161 2947 162 2950 η
191 2954 194 2962 ,
210 2903 355 2976 Quemvis
366 2904 487 2964 miretur
500 2914 595 2966 vestes
608 2922 668 2964 non
681 2905 767 2964 turba
779 2901 905 2976 decoras,

208 3011 273 3074 Nec
286 3013 363 3073 servi
375 3014 502 3074 immites
515 3014 641 3074 crudelia
649 3017 734 3095 jussa
746 3013 911 3085 facessuntr
950 3041 982 3082 ,.:

208 3121 253 3180 At
265 3141 325 3180 non
338 3123 483 3182 consumit
494 3123 616 3182 mordax
628 3122 786 3201 precordia
798 3115 883 3194 livor,

210 3229 280 3291 Non
292 3231 382 3310 agitat
395 3242 494 3311 pectus
507 3233 570 3292 auri
583 3233 719 3292 insatiata
731 3229 844 3310 cupido.
