2344 3996
513 348 558 406 49

114 515 149 575 In
163 513 259 574 media
275 512 360 593 sylvt
374 499 491 591 procera
504 495 610 591 pulatia
623 522 755 593 surgunt,

153 627 210 686 Cui
222 627 302 684 leves
314 637 410 683 turres
422 625 516 683 nidera
529 625 605 683 celsa
617 635 729 702 petunt,

113 733 206 793 Grata
218 733 325 792 durrus
336 731 452 802 Circum
475 733 601 810 magicas
613 733 664 791 ubi
677 744 824 810 comparat
836 733 948 807 herbas,

92 843 94 848 ’
124 813 126 824 ¹
152 841 259 900 Miscet
272 852 304 900 et
315 841 417 898 intend
432 839 534 917 pocula
547 839 610 898 dire
623 859 721 900 manu.
761 859 765 866 ·
785 832 787 838 ’

114 949 251 1008 Pervenit
264 948 321 1007 buc
336 947 464 1020 Ithacus,
486 949 583 1027 poncia
596 950 751 1008 comitatus
764 950 874 1020 amicis,

152 1057 236 1116 Dum
250 1058 355 1136 repetit
367 1058 452 1136 patrii
467 1058 576 1118 moenia
587 1069 669 1138 gruta
682 1058 754 1118 soli:

114 1165 296 1244 Antiphaten
310 1165 423 1246 fugiens
436 1187 543 1247 regern,
558 1164 752 1246 populumque
765 1177 925 1244 cruentum,

147 1273 283 1334 Tantdm
298 1277 356 1336 unt
369 1295 406 1336 ex
418 1279 481 1336 tota
495 1277 584 1336 classe
597 1287 732 1337 manente
746 1289 815 1338 rate.
852 1270 854 1274 ’

111 1388 237 1464 Jamque
252 1389 483 1466 propinquabant
497 1389 573 1450 cedes
587 1400 617 1448 et
630 1389 732 1449 limina
744 1391 828 1460 celsa,

154 1495 308 1574 Ignarique
319 1498 383 1566 loci,
399 1507 562 1574 quantaque
576 1497 635 1555 fata
648 1510 789 1576 premant.

113 1605 159 1664 Ut
172 1605 254 1664 videt
266 1607 424 1676 adstantes,
438 1604 504 1664 leet
519 1605 573 1664 dea
587 1607 688 1665 limina
700 1607 811 1684 pandit,

155 1713 339 1793 Exponitque
353 1717 457 1774 demde
471 1716 615 1774 interioris
630 1735 707 1793 opes.

112 1822 310 1908 Circumstant
323 1843 407 1884 cocco
420 1823 485 1882 lecti
499 1834 675 1902 argentoque
690 1825 820 1901 superbi:

156 1931 211 1988 illa
219 1933 304 2009 jubet
318 1933 439 1990 miseros
453 1942 580 1990 sternere
594 1923 724 1990 m'embra
737 1931 827 1990 viros.

116 2041 215 2098 Aurea
227 2041 411 2118 resplendent
425 2039 509 2117 pleno
523 2037 666 2098 carchesia
679 2037 801 2110 Baccho,

156 2144 197 2208 Et
210 2149 344 2227 depressa
356 2151 453 2208 cibbm
467 2150 592 2228 pondere
607 2170 708 2209 mensa
720 2152 818 2230 gemit.

115 2257 195 2314 Illita
209 2257 260 2315 sed
277 2270 412 2334 spumant
426 2258 504 2316 fatali
518 2259 619 2336 pocula
633 2279 728 2329 succo,

157 2365 198 2422 Et
212 2365 333 2442 dapibus
347 2365 434 2424 lautis
448 2365 511 2424 dira
524 2385 636 2425 venena
651 2369 752 2427 latent.

116 2473 242 2543 Interea,
256 2473 405 2550 libantque
418 2473 505 2551 dapes
519 2485 549 2531 et
562 2476 631 2532 vina
644 2485 792 2544 coronant,

92 2618 107 2645 ι
156 2584 256 2661 Atque
270 2583 348 2642 avidi
363 2581 451 2660 prave
466 2601 541 2639 caece
554 2599 666 2640 venena
679 2567 793 2640 bibunt.
841 2630 843 2635 .

116 2693 209 2751 Haud
223 2693 305 2750 aliter
319 2693 403 2770 piscis
417 2689 585 2750 mendacem
599 2691 688 2748 currit
701 2690 738 2748 ad
748 2709 852 2762 escam,

158 2801 291 2860 Devorat
304 2812 390 2877 atque
403 2800 499 2857 cibum
513 2799 723 2876 perniciemque
737 2817 829 2858 suam.

114 2908 204 2966 Tunc
218 2914 302 2986 maga
316 2923 394 2966 saeva
407 2909 499 2984 quatit
513 2908 608 2986 virgas
623 2905 748 2966 Phoebea
761 2917 902 2985 potentes,

158 3009 314 3092 Vultuquc'
323 3015 488 3074 horrescens
503 3033 602 3092 aspera
612 3015 692 3074 dicta
704 3014 799 3074 dedit:

113 3134 137 3161 “
153 3125 259 3184 Estote
268 3125 335 3184 hinc
345 3125 477 3203 pecudes,
491 3125 618 3183 hominis
632 3144 685 3183 nec
698 3136 787 3184 restet
800 3126 894 3206 imago

159 3241 181 3270 “
196 3231 309 3304 Erecta,
325 3245 355 3293 at
368 3230 483 3292 tantdm
497 3233 604 3292 mentis
617 3233 701 3291 inane
714 3232 849 3292 bonum.''

531 3359 552 3398 o
