2302 4000
640 347 679 408 78

232 512 338 583 Poscit,
358 522 389 573 et
402 531 518 572 uxorem
532 513 579 572 vir
591 512 682 572 tristis
696 513 788 591 plorat
800 523 945 574 ameum:

232 620 355 700 Pignora
368 640 432 679 cors
445 630 526 698 poter
538 617 663 678 multrim
675 617 838 698 trususque
850 621 987 681 laborans

232 711 354 801 Quaerit,
377 739 408 788 et
420 729 586 807 absumptos
599 728 711 787 soboles
725 729 825 787 orbata
837 740 979 806 parentes.

269 942 401 1022 Crimque
414 943 476 1003 baeo
487 953 548 1002 tarn
562 963 655 1003 saevos
669 943 762 1003 iustus
772 963 869 1004 seeum
879 963 981 1022 aspero
991 943 1081 1008 cloden

229 1051 350 1124 Afferst,
371 1051 400 1110 Ο
414 1050 557 1122 Britones,
577 1052 698 1109 memori
713 1051 867 1126 persolvite
879 1061 975 1129 gretes

231 1161 325 1220 Corde
339 1159 413 1229 Deo,
435 1159 557 1236 patriam
570 1159 653 1218 vobis
667 1160 716 1236 qui
730 1160 861 1237 prebuit,
882 1159 962 1218 omni

230 1267 279 1328 Ab
292 1265 357 1328 talis
370 1267 453 1328 ossis
465 1264 550 1346 longe
565 1277 673 1326 terrore
691 1279 841 1327 remotam.

755 1401 793 1462 D.
811 1399 847 1462 K.
863 1400 1044 1463 Snnusonn

634 1700 671 1762 V.

230 1892 445 1985 Nuuei’ster
459 1921 651 2001 Omnipotens
666 1919 837 1998 trepidantis
852 1918 963 1978 viscera
976 1929 1063 1978 terre

270 2033 404 2092 Terribili
419 2032 519 2094 dextri
532 2031 659 2090 concutit
672 2041 758 2105 atque
772 2029 862 2108 polos.

231 2141 320 2201 Haud
334 2143 416 2199 aliter
429 2152 541 2198 montes
556 2140 662 2197 saliunt
676 2158 741 2196 cum
755 2157 903 2197 murmure
916 2157 1013 2210 rauco,

271 2249 367 2323 Quam
382 2249 452 2306 ratis
464 2249 494 2305 in
509 2247 638 2325 scopulos
649 2246 782 2326 fluctibus
792 2247 848 2304 iota
862 2246 929 2305 ruit.

229 2355 379 2416 Florentes
393 2367 497 2415 nutant
511 2358 604 2424 urbes,
626 2355 782 2432 opibusque
796 2363 937 2430 potentes,

269 2463 339 2523 Pers
353 2475 464 2540 aequete
478 2463 548 2534 solo,
571 2481 634 2539 pars
650 2463 782 2536 resupina
789 2463 875 2538 jaces.

229 2572 373 2634 Continui)
387 2573 484 2630 miseri
498 2572 605 2646 pallent
618 2571 770 2629 formidine
784 2570 871 2639 cives,
925 2605 929 2612 ·

267 2681 527 2758 Magnanimusque
540 2677 634 2746 heros,
656 2695 816 2754 sponsaque
827 2697 891 2736 cora
904 2689 1003 2757 pavet.

226 2788 359 2864 Desertis
372 2789 457 2858 natis,
478 2786 601 2865 fugiunt,
623 2785 748 2844 instante
761 2787 874 2858 timore,
929 2805 934 2812 ·

269 2895 293 2953 F
295 2901 388 2954 rustri
401 2895 565 2963 clamantes,
589 2893 771 2963 Omiserere,
786 2893 868 2953 Deus
880 2895 887 2952 Ι

228 3002 305 3062 Nam
319 3003 369 3060 vix
382 3002 552 3079 transgressi
562 3012 668 3077 portas,
686 3003 735 3060 vix
749 3013 825 3060 tecta
837 3002 1003 3074 domorum,

267 3109 341 3167 Cum
356 3111 451 3166 sorbet
464 3109 547 3166 tellus
561 3111 682 3187 gurgite,
704 3121 734 3168 et
748 3129 832 3167 omne
843 3109 918 3168 silet.

228 3215 284 3277 Sed
299 3235 411 3292 quoque
424 3215 579 3274 terrificum
594 3219 776 3294 surgentibus
790 3235 905 3294 aequora
918 3226 1032 3275 motum

266 3321 414 3386 Fluctibus
428 3324 578 3404 accipiunt,
599 3336 730 3408 tectaque
743 3325 861 3406 pulchra
874 3334 984 3408 tegunt.
