2302 4000
341 337 566 396 'ยน85

96 568 98 576 ,
146 503 209 566 Sed
222 519 320 582 neque
333 519 406 582 quos
418 500 576 562 Rhodanus
586 502 682 575 valor.
697 513 748 565 aut
757 504 864 568 lentior
872 506 963 568 ambit
1057 569 1065 590 ,

106 615 193 689 Quos
207 613 315 674 Araris
328 631 444 692 campos
454 611 586 692 pingues,
606 612 750 691 undeque
764 614 932 688 Garumna,

105 721 229 782 Fertilis
243 733 275 782 et
288 721 367 786 Latii
380 740 499 792 messes,
520 731 550 780 at
565 719 675 780 Iberica
688 722 754 782 lana

104 829 211 891 Laude
226 829 393 890 Caledonia
406 839 525 901 certent,
546 849 640 907 usque
655 827 758 911 Ganga
771 831 863 912 rigata

104 935 203 1009 India,
226 957 282 996 nec
295 937 378 997 nardi
393 936 538 998 Pmehsiu
550 937 632 998 divas
646 939 750 1000 aristis.

104 1044 186 1104 Nam
202 1045 273 1106 Dea
286 1045 419 1106 Libertas
432 1047 529 1123 posuit
541 1047 701 1106 certissima
713 1067 811 1129 regna,

105 1151 204 1234 Largi
220 1153 388 1214 diffundens
402 1155 536 1232 pretiosa,
557 1153 615 1226 hic,
636 1175 758 1215 munera
770 1156 872 1216 dextri
881 1179 892 1228 3

105 1263 285 1326 Neccomes
299 1267 385 1346 hujus
400 1268 481 1326 abest
494 1285 560 1325 cum
574 1267 661 1344 pleno
675 1267 765 1344 Copia
778 1287 879 1328 cornu.

105 1374 189 1433 Hinc
203 1369 275 1433 tuus
289 1375 386 1434 omnis
397 1374 499 1446 honos,
521 1375 589 1434 hinc
602 1376 709 1446 omnia,
732 1375 827 1434 Scotia
840 1375 919 1448 felix,

106 1479 200 1554 Queis
213 1483 294 1541 bona
306 1503 385 1542 nunc
397 1482 509 1542 frueris
552 1483 671 1560 Semper
684 1485 840 1543 viridantia
853 1493 945 1562 prata,

105 1585 170 1648 Nec
183 1591 276 1650 nimis
289 1601 334 1650 est
347 1590 484 1669 gelidum,
505 1589 628 1650 nimidas
643 1611 695 1650 nec
709 1591 769 1650 sole
783 1591 947 1669 propinquo

102 1693 449 1769 .1ntolerabiliuscaelum,
471 1699 522 1758 sed
535 1698 670 1774 utrinque
689 1697 848 1757 reductum.

107 1804 271 1885 Nunquam
285 1807 423 1866 deficiunt
436 1807 536 1885 rapido
548 1807 674 1866 labentia
686 1825 772 1866 cursu

108 1912 258 1988 Flumina,
273 1933 338 1994 quae
351 1916 439 1995 riguis
454 1915 595 1974 inducunt
607 1915 738 1994 gramina
753 1917 870 1994 campis,

107 2021 265 2104 Murmure
273 2023 404 2102 jucundo
418 2043 469 2102 per
478 2024 557 2083 leves
570 2034 634 2082 acta
646 2023 766 2102 lapillos.
795 2055 797 2062 ฮน

107 2129 262 2192 Montibus
276 2132 436 2192 innumerae
449 2132 571 2210 pecudes
585 2143 740 2210 pascuntur
754 2133 857 2209 opacis,

107 2235 321 2318 Permultisque
333 2242 422 2300 boum
435 2251 570 2312 resonant
584 2240 741 2320 mugitibus
755 2241 824 2320 agri.

147 2451 180 2511 Si
194 2473 255 2512 non
268 2453 404 2514 dumosss
421 2454 556 2514 decorant
566 2462 692 2530 myrteta
702 2453 834 2520 latebras,

107 2557 238 2620 Collibus
251 2561 354 2639 apricis
368 2580 461 2638 neque
474 2541 575 2618 crescit
589 2559 719 2616 dulcibus
734 2559 799 2616 uvis

107 2663 211 2740 Vinea,
233 2670 287 2728 sub
302 2668 422 2746 pedibus
436 2666 562 2726 refluunt
575 2685 667 2743 neque
681 2666 797 2743 pinguia
811 2677 923 2736 musta,-

107 2775 151 2838 At
164 2799 264 2840 secura
278 2779 368 2856 quies,
389 2788 420 2840 et
432 2776 555 2836 vallibus
570 2777 629 2834 otia
642 2777 723 2844 tutis,

108 2881 149 2944 Et
162 2887 274 2966 patiens
288 2903 416 2964 operum,
441 2895 593 2956 contentus
607 2896 636 2943 et
650 2885 742 2943 incola
756 2896 842 2955 sorte,

107 2993 205 3068 Quem
220 2999 312 3078 magis
325 2998 361 3056 ob
376 3008 489 3057 montes
503 2995 626 3054 delectat
638 2997 730 3074 patria
747 2997 842 3067 tellus,

108 3101 149 3164 Et
163 3107 254 3186 magis
268 3108 305 3165 ob
318 3104 418 3186 frigus,
440 3103 518 3180 quod
532 3104 609 3163 velat
623 3105 757 3176 culmina,
779 3107 889 3167 caelum.

108 3210 149 3269 At
166 3214 273 3290 rabida
287 3215 376 3293 tigres
390 3214 504 3284 absunt,
527 3213 654 3292 saevique
667 3213 773 3283 leones,
