2344 3996
609 311 648 368 14

201 483 294 560 Impia
306 499 359 541 nec
373 481 523 560 quisquam
537 492 617 541 curet
630 480 766 540 mundare
781 481 929 560 sepulchro

240 589 325 663 Ossa,
341 589 391 651 sed
404 591 435 650 in
448 591 543 651 triviis
556 611 616 650 non
628 591 786 670 lacrymata
793 593 899 671 jacent.

768 729 817 790 Jo.
831 721 1009 794 Csursrnt.

598 1031 639 1090 11.

195 1215 237 1301 P
239 1259 344 1302 nruun
357 1252 450 1302 castra
462 1244 538 1314 vide,
552 1262 653 1322 campo
666 1226 774 1302 metata
786 1253 910 1322 patente,

233 1349 320 1410 Miles
333 1351 382 1410 ubi
395 1350 486 1410 sessus
500 1355 629 1410 membra
643 1352 737 1428 quiete
751 1353 836 1410 levat.

193 1457 287 1518 Nocte
296 1459 457 1528 tenebrosi,
468 1459 563 1537 vigilis
575 1459 607 1517 ni
620 1478 735 1538 gressus
749 1458 844 1517 euntis

235 1565 271 1624 In
284 1565 361 1624 vello
374 1577 497 1637 resonet,
511 1566 619 1626 Martis
631 1577 724 1625 castra
737 1565 831 1624 silent.

193 1673 333 1746 Millibus,
347 1675 422 1734 heu!
444 1677 548 1735 iterum
563 1675 712 1735 occiduum
726 1694 779 1734 nec
792 1691 906 1734 cernere
920 1673 1019 1742 solem,

233 1781 295 1842 Nec
308 1783 385 1842 dulci
399 1802 501 1843 somno
514 1786 644 1844 membre
654 1785 761 1854 levare,
775 1781 877 1840 datur!

192 1891 267 1948 Cum
281 1890 406 1967 primum
420 1890 507 1950 radiis
520 1903 660 1950 terrerum
673 1892 789 1951 Aurora
802 1889 906 1948 retexit

233 2002 364 2071 Orbem3
385 2011 525 2060 certantes
540 2021 646 2060 cornua
659 2002 695 2060 ad
709 2021 789 2060 erma
802 2011 914 2060 vocant.

191 2107 328 2184 Undique
342 2127 418 2167 nunc
433 2109 569 2185 strepitus
583 2120 720 2188 regnant:
746 2109 794 2168 hic
807 2109 906 2188 arrigit
919 2125 1002 2170 aures

231 2216 388 2294 Impatiens
402 2215 523 2287 sonitus,
536 2214 673 2294 frenaque
686 2218 807 2288 mandit,
822 2237 927 2296 equus..

190 2321 391 2402 Pugnacesque
404 2325 533 2400 equitum
547 2335 660 2396 turmae,
675 2325 859 2404 peditumque
873 2335 1004 2396 catervae,

229 2431 373 2491 Continuo
386 2427 494 2491 faciunt
506 2451 576 2491 arva
589 2451 690 2492 sonare
703 2435 783 2512 pede.

189 2538 314 2598 Buccina
327 2561 410 2600 rauca
423 2541 517 2600 canit:
539 2543 725 2620 certatimque
738 2543 769 2600 in
783 2543 883 2620 proelia
895 2541 989 2601 cuncti

229 2650 392 2711 Hortantes
405 2661 575 2730 properent:
600 2627 811 2729 instituuntque
825 2651 919 2710 duces.
972 2629 974 2634 ,

189 2755 344 2817 Frontibus
358 2759 486 2818 adversis
500 2759 616 2819 hostilia
623 2763 688 2838 jam
702 2761 816 2838 agmina
830 2759 945 2828 sistunt,

229 2863 397 2942 Spiculaque
410 2868 531 2926 adverso
544 2866 635 2927 ferrea
649 2868 707 2926 sole
721 2867 824 2926 nitent.

188 2969 253 3030 Hos
268 2971 376 3030 animat
389 2974 488 3050 patriae
502 2975 612 3052 pictos3
632 2987 662 3034 et
674 2993 795 3054 magnus
809 2991 929 3032 amoenae

226 3081 382 3141 Libertatis
396 3103 476 3142 amor
489 3086 616 3145 mascula
629 3085 790 3144 corde‘ciet.

187 3191 270 3267 Illinc
283 3202 426 3269 pugnetur
439 3194 492 3251 sub
506 3194 620 3254 vincula
634 3194 705 3253 dure
717 3189 855 3269 tyranni3

227 3299 383 3361 Servitium
396 3301 491 3363 tardat
505 3303 574 3362 saevi
589 3303 742 3378 odiumque
757 3299 844 3360 ducis.
