2344 3996
526 351 564 410 19

102 526 128 556 “
143 513 257 579 Felices
271 515 301 577 0
315 525 415 595 terque
429 518 604 594 quaterque!
626 518 753 584 insontia
765 539 890 601 quorum

150 634 174 666 “
188 625 308 686 Pectora
320 625 375 696 vix¹
385 643 512 702 unquam
526 645 674 684 murmure
686 639 787 688 maeste
800 631 918 703 debent,

105 743 131 774 “
146 733 367 811 Innocuumque
379 733 509 792 animum
522 753 582 791 non
599 744 689 794 terret
702 737 833 797 conscius
845 738 947 800 horror
958 763 967 810 ;

151 848 175 880 “
188 841 333 919 Tempore
345 841 396 918 qui
408 852 530 919 possunt
542 841 699 918 laticisque
712 841 778 902 frui.

108 959 132 989 “
146 951 204 1012 Me
216 969 286 1010 vero
299 947 455 1008 miserum!
470 948 600 1006 cruciavi
613 959 711 1026 pectus
726 953 819 1024 amici,

155 1065 177 1095 “
190 1057 231 1116 Et
245 1076 294 1116 reo
305 1073 388 1115 mens
402 1054 497 1115 reddit
509 1056 630 1113 crimine
643 1057 735 1115 multa
747 1057 852 1120 mihis*

112 1165 175 1224 Hic
187 1175 284 1224 autem
296 1173 342 1223 est
354 1164 427 1222 elius
441 1164 487 1222 cui
499 1163 604 1242 gaudie
616 1183 685 1222 vers
697 1163 848 1248 feruntur:

154 1270 235 1336 Utile
248 1284 422 1353 preceptum
434 1285 565 1352 ternpore
577 1287 680 1334 cuncte
692 1276 796 1336 docent
803 1297 818 1348 ς’

48 1397 53 1406 ·
109 1383 230 1462 Cogitet
242 1382 329 1459 inque
343 1381 460 1440 animos
479 1389 500 1418 “
513 1382 599 1442 Peter
612 1384 816 1461 omnipotentis
830 1384 960 1465 Olympi,

154 1500 176 1530 “
189 1493 335 1569 Antiquos
349 1493 461 1552 animos
474 1511 565 1569 usque
578 1503 676 1553 tenere
690 1513 790 1572 precor
797 1515 808 1566 3
849 1470 852 1475 Ι

110 1609 132 1640 “
148 1601 268 1680 Semper
277 1600 381 1662 habere
395 1602 583 1672 voluntatem,
598 1612 628 1661 et
641 1603 799 1679 praecordis
810 1605 921 1664 nostris-

155 1718 176 1746 “
190 1710 289 1780 Mitis,
303 1729 356 1768 nec
369 1709 447 1788 lorgi
462 1708 539 1768 done
552 1707 651 1767 deesse
663 1711 780 1767 moriad·

109 1819 161 1878 Sic
174 1837 228 1878 nos
241 1818 398 1896 gaudentes
411 1817 505 1896 gelide
519 1827 667 1876 cantemus
680 1818 711 1874 in
725 1817 837 1886 umbrl,

154 1923 320 1986 Laudemus
334 1925 400 1985 laeto
414 1925 548 2002 protinus
559 1943 608 1983 ore
622 1923 729 1984 Deum.

670 2061 749 2124 Guo.
766 2063 927 2124 Msuzrss

517 2365 559 2427 Π.

114 2555 230 2651 Quom
244 2584 362 2666 propere
377 2585 501 2664 spatium
514 2584 651 2665 fugientis
665 2584 770 2644 labitur
784 2585 861 2652 enni,
955 2611 958 2617 ,

155 2695 362 2773 Excipiturque
376 2695 438 2754 aus
452 2705 535 2753 nocte
549 2713 649 2752 serena
661 2692 733 2751 dies.

114 2803 239 2864 Labitur
252 2814 285 2862 ut
298 2800 393 2873 taciti,
408 2801 494 2862 tacite
509 2801 635 2861 succedit
648 2811 678 2860 et
691 2799 772 2869 alter,

155 2911 337 2992 Elapsusque
349 2910 471 2990 gradum
484 2931 544 2970 non
557 2929 690 2969 revocare
704 2915 809 2985 potest.

113 3018 208 3080 Haud
220 3019 303 3078 aliter
316 3019 432 3090 fluvius,
447 3020 564 3078 sinuans
578 3038 629 3096 per
642 3036 709 3075 rurs
721 3011 872 3093 profunda,

155 3127 344 3206 Tranquillus
357 3128 444 3187 tacite
458 3128 556 3186 littore
569 3126 682 3185 mordet
695 3124 769 3200 equi
780 3144 790 3193 ς
816 3111 818 3115 ’

114 3235 158 3298 Et
171 3237 276 3296 celeres
291 3236 383 3297 undas
397 3255 536 3316 magnum
550 3235 680 3296 devolvit
695 3234 725 3291 in
739 3240 852 3308 aequor,

155 3341 225 3418 Quo
238 3344 325 3405 simul
338 3364 372 3405 ec
382 3352 513 3414 ventum,
528 3342 608 3401 nulls
622 3339 714 3400 redire
727 3347 830 3417 potest.
