2344 3996
613 407 654 466 46

206 571 255 634 Sic
266 569 461 634 transformati
474 573 618 652 proprium
631 571 759 633 metutre
771 569 914 651 loquelam
925 594 936 643 ς

246 683 414 757 Pelluntur3
433 681 543 744 loedum
552 687 672 764 jamque
682 683 753 744 suile
766 695 856 745 tenet.

206 791 266 854 His
278 789 430 864 e‘xeuditis‚
449 792 575 871 graviter
587 793 720 852 turbatus
733 789 870 872 Ulysses,.

245 899 401 980 Extemplo
413 901 518 979 repetit
530 912 628 961 mente
640 899 755 961 furente
767 901 872 960 locum.

205 1007 294 1070 Forte
307 1009 358 1070 sed
371 1009 402 1067 in
416 1007 508 1087 sylvis
521 1029 671 1070 occurrens
685 1010 823 1090 penniger
837 1007 964 1070 Hermes

244 1115 385 1188 Advenit,
405 1115 444 1175 od
457 1116 564 1176 clerum
578 1117 620 1177 sic
633 1117 816 1195 loquiturque
829 1119 943 1176 virum:

205 1235 227 1263 “
240 1227 387 1306 Compulit
401 1225 449 1286 0!
471 1227 541 1306 quid
555 1239 584 1286 te
597 1247 686 1286 caecos
698 1227 756 1286 huc
769 1227 886 1287 tendere
899 1231 1039 1307 gressus?

246 1343 267 1370 “
281 1333 326 1394 Te
337 1343 524 1395 tentuverunt
537 1335 631 1395 dulcia
645 1337 714 1394 vine
727 1333 815 1395 deoe.”

203 1441 334 1502 Herbam
342 1444 462 1526 jsmque
475 1443 564 1516 dedit,
579 1463 644 1522 quae
654 1457 797 1504 everteret
810 1463 895 1504 omne
908 1445 1058 1523 periclum,

190 1572 199 1591 ·
241 1541 378 1613 liaustds
391 1551 508 1625 fallacis,
529 1551 712 1632 pestiferique
726 1555 804 1614 mali.

203 1658 254 1719 Ad
267 1671 385 1733 tectum,
406 1661 452 1722 his
462 1663 547 1733 sctis,
567 1681 682 1741 gressus
696 1681 764 1720 mox
777 1662 872 1722 tendit
882 1661 1017 1742 Ulysses,

244 1771 299 1830 coi
313 1793 426 1852 quoque
439 1793 508 1833 mox
521 1774 604 1834 Circe
617 1773 719 1852 pocula
731 1773 795 1832 dira
805 1785 897 1852 parat.

202 1878 322 1960 Accepit
335 1892 462 1959 pateram
471 1903 535 1953 rex,
556 1894 642 1960 atque
655 1883 804 1940 interritus
818 1881 925 1953 hausit,

243 1987 403 2068 Obstupuit
416 1989 498 2049 Circe
511 1989 561 2048 illo
574 2011 665 2068 usque
679 2001 813 2048 manente
827 1991 900 2049 viro.

205 2096 257 2156 ille
270 2097 342 2155 suile
355 2097 436 2166 adiit,
457 2099 548 2155 socios
563 2109 593 2155 et
606 2097 732 2156 reddidit
747 2119 846 2158 omnes

245 2205 279 2261 In
294 2203 399 2262 formas
414 2204 552 2282 proprias,
573 2205 729 2264 auxiliante
740 2205 814 2265 Deo.

781 2343 828 2402 Jo.
844 2342 997 2402 Nswrou.

507 2753 510 2762 y
609 2670 649 2730 11.

202 2863 222 2891 “
236 2825 284 2913 ΙΝ
297 2873 373 2912 nova
387 2855 442 2913 lert
456 2854 568 2913 unimus
583 2864 707 2912 mutatas
718 2853 811 2912 dicere
824 2850 932 2910 formos

241 2969 262 2997 “
276 2961 403 3038 Corpora
410 2964 437 3030 ;”
458 2962 596 3037 Circeque
611 2972 655 3019 est
669 2959 891 3046 concelebranda
904 2957 988 3026 mihi,

201 3068 276 3142 Quae
289 3069 394 3146 peteris
408 3069 478 3126 diris
492 3069 583 3126 socios
599 3070 725 3127 mutavit
739 3067 865 3145 Ulyssis,

239 3180 332 3258 Inque
345 3178 418 3238 feras
432 3191 540 3258 turpesJ
562 3181 755 3258 setigerosque
769 3197 843 3237 sues.

199 3291 283 3362 Haec,
304 3289 425 3368 patriam
439 3288 550 3368 lugiens
565 3289 699 3346 scelerata
712 3291 749 3347 ob
762 3286 821 3346 fata
834 3285 940 3354 mariti,

238 3402 362 3462 Circeios
376 3417 440 3461 oras
456 3399 626 3477 italiamque
639 3399 728 3458 venit.
