2344 3996
524 359 563 416 13

109 535 192 595 Tum
206 531 272 590 salit
285 540 315 589 et
327 527 461 587 monibus
473 525 591 585 lethalia
602 523 660 586 tela
673 525 833 604 prehendit,

154 642 198 701 Et
211 639 341 718 precibus
349 638 438 718 justis
452 638 570 695 invocat
582 646 649 694 ante
663 633 752 694 Deos.
804 651 809 664 ·

112 750 186 812 Jam
199 768 310 828 pugnas
323 748 397 806 scies
411 745 532 805 adversa
544 742 639 803 fronte
651 745 803 816 lacessunt,

157 859 292 926 Clamore
306 867 336 915 et
349 853 453 934 magno
467 865 571 925 turma,
586 864 709 924 caterva,
724 853 791 911 ruit.

116 967 218 1026 Prima
231 963 347 1023 Aurora
359 983 437 1022 novo
450 981 516 1020 cum
530 963 638 1040 spargit
651 963 759 1019 lumine
773 933 873 1035 terras,

162 1073 345 1152 Ingeminant
358 1091 472 1150 pugnae‚
488 1069 612 1128 concitet
624 1069 667 1160 ira
680 1070 768 1129 viros.

120 1181 208 1239 Nunc
220 1179 261 1250 hi,
275 1199 352 1238 nunc
367 1179 419 1250 illi,
433 1178 558 1238 victores
571 1197 633 1236 esse
646 1177 792 1248 videntur,

160 1287 312 1364 Multaque
325 1285 407 1346 ferali
420 1305 539 1364 corpora
552 1285 629 1346 caede
643 1285 758 1345 cadunt.

119 1396 194 1476 Spes
208 1397 319 1456 animos
333 1385 421 1456 dubit
434 1392 551 1454 fortund
563 1406 671 1472 recreat
684 1395 769 1465 alme,

163 1507 260 1566 Rebus
270 1507 301 1566 in
315 1505 455 1578 adversis,
469 1524 535 1584 spes
548 1525 625 1564 nove
640 1525 752 1584 semper
764 1505 855 1565 adest.

119 1615 263 1676 Strenuus
277 1627 322 1676 est
335 1613 414 1686 vere,
429 1635 560 1694 pugnans
575 1633 627 1692 pro
640 1616 754 1692 erisque
766 1613 904 1693 locisque,

148 1713 152 1720 ’
165 1722 261 1796 Quem
275 1725 376 1802 petriae
389 1724 474 1783 causi
487 1741 548 1780 non
560 1723 695 1782 cecidisse
708 1724 794 1802 piget

121 1831 194 1890 Non
207 1832 311 1890 metuit
324 1843 458 1901 mortem,
478 1840 589 1890 terrent
601 1849 660 1888 non
673 1829 732 1887 ulla
744 1829 860 1907 pericla,

164 1939 281 2001 Virtute
294 1953 325 2001 at
339 1943 435 2020 prodit
448 1941 578 2000 conscius
591 1941 652 2019 ipse
667 1939 728 2000 sui.

122 2051 156 2110 Si
171 2052 303 2121 moritur,
318 2049 550 2129 gaudnsperatt
560 2049 618 2108 fine
631 2050 771 2118 laborum,

167 2159 283 2219 Occidit
296 2169 326 2220 et
339 2161 448 2220 cunctis
458 2159 562 2219 flebilis
575 2179 666 2238 usque
678 2159 771 2218 bonis.

124 2271 159 2330 Si
173 2270 274 2339 vincit,
287 2287 394 2347 magno
408 2277 571 2346 aetemoque
581 2267 740 2346 triumphat
753 2267 871 2339 honore,

168 2381 210 2440 Et
223 2391 325 2450 tectus,
340 2391 421 2458 grato
432 2390 554 2456 pectore,
568 2379 639 2437 civis
653 2390 741 2438 amat.

128 2489 210 2549 Huic
226 2493 311 2567 quem
326 2487 474 2546 dissimilis
489 2487 577 2545 durus
591 2487 653 2544 sine
666 2487 727 2564 lege
740 2497 896 2562 tyrannus,¹

170 2598 307 2676 Injustus
317 2596 439 2675 patriam
454 2594 503 2671 qui
517 2593 710 2672 populumque
724 2594 838 2670 premit.

131 2705 207 2764 Vota
221 2725 273 2763 nec
290 2703 407 2762 exaudit
419 2702 526 2772 vidum,
540 2722 593 2759 nec
607 2713 686 2779 patre
700 2701 837 2771 carentis,
922 2731 924 2739 ι

171 2814 294 2872 Ferreus
308 2822 338 2870 at
352 2810 428 2869 dulci
443 2810 523 2888 pellit
536 2811 640 2887 ubique
655 2809 750 2869 domo.

117 2917 279 2981 'Laetitinm
294 2920 403 2978 nullam
417 2909 537 2978 victoria
549 2919 659 2976 civibus
673 2916 755 2976 affert

173 3024 256 3089 Illius
270 3028 372 3088 infesti
386 3039 468 3106 partu
479 3038 597 3086 cruenta
609 3047 705 3086 manu.

133 3141 209 3200 Cum
224 3139 355 3209 moritur,
369 3157 454 3197 nemo
467 3137 632 3215 languentis
644 3136 754 3194 lumina
766 3135 872 3212 condit²

175 3247 287 3307 Auram
301 3267 463 3326 supremam
477 3245 573 3305 nullos
587 3246 617 3304 in
631 3265 679 3305 ore
693 3244 776 3323 capit.
