2344 3996
547 611 601 672 IV..

134 779 191 871 Ο
207 825 303 879 uosu,¹
315 805 633 887 gemmantdmrflorum
647 809 745 889 regina
757 810 918 882 rubescens,

184 917 267 990 Quos
280 916 381 974 hortus
395 917 498 988 cultus,
513 928 631 994 pratove
642 919 717 995 picta
730 930 839 980 tenent.

141 1024 247 1084 Idaliae
261 1022 378 1095 Veneri,
394 1024 480 1095 Rosa,
497 1044 561 1102 quae
574 1025 738 1104 gratissima
750 1046 863 1098 vernas,

186 1133 276 1209 Cujus
292 1132 370 1190 olent
384 1132 491 1190 circum
505 1132 593 1191 florea
606 1145 682 1192 serta
695 1135 765 1194 solo.

149 1241 294 1319 Tempore
302 1243 365 1320 jam
380 1261 470 1300 verno
484 1252 518 1300 tu
530 1242 628 1300 mollia
641 1243 771 1322 germina
780 1245 900 1324 rumpis,

187 1348 321 1407 Floribus
336 1361 365 1407 et
379 1350 479 1407 multis
493 1351 620 1429 pingitur
634 1353 728 1410 omnis
742 1373 828 1431 ager3

144 1453 271 1514 Vomere
285 1451 351 1512 crim
367 1454 439 1512 duro
448 1457 511 1534 jam
526 1467 632 1514 terram
648 1459 736 1517 vertit
750 1471 854 1532 arator,

187 1562 284 1621 Arbor
298 1573 328 1620 et
342 1563 492 1622 umbrosas
506 1565 631 1641 explicat
644 1565 702 1624 alta
714 1586 820 1628 comas.

146 1671 248 1748 Atque
261 1681 361 1730 aestate
375 1672 452 1729 novd
467 1671 554 1732 viridi
567 1671 692 1732 florescis
707 1675 738 1732 in
752 1677 864 1746 umbri,

188 1777 264 1836 Cum
277 1788 390 1837 torrens
405 1790 478 1837 aestu
493 1777 584 1838 Sirius
598 1781 657 1840 urit
669 1780 800 1842 humum.

149 1886 277 1961 Quando
291 1899 361 1959 aret,
376 1887 525 1965 multoque
539 1887 660 1949 dehiscit
673 1901 750 1949 terra
763 1888 866 1962 calore,

190 1995 228 2056 In
241 1997 344 2056 tellure
352 1997 432 2076 jaces
440 1998 505 2076 jam
519 1997 638 2057 viduata
650 1998 749 2058 comis.

150 2104 198 2164 Sic
211 2125 301 2184 genus
315 2105 474 2163 humanum
489 2117 543 2178 est,
558 2107 599 2166 sic
612 2109 710 2167 omnia
722 2108 826 2188 gaudia
839 2109 918 2183 vite,

192 2216 268 2290 Quae
282 2215 389 2276 durant
401 2216 513 2289 horam,
527 2199 659 2298 protinus
673 2232 759 2300 atque
772 2221 888 2282 cadunt.

150 2322 239 2383 Heu!
262 2325 374 2404 quoties
382 2327 523 2404 juvenem
537 2338 679 2402 tenerum,
693 2330 849 2409 puerilibus
862 2330 946 2390 aunis

192 2432 371 2506 Florentem,
385 2435 479 2514 gelide
493 2456 572 2494 mors
586 2439 661 2514 rapit
674 2450 736 2495 atra
749 2439 854 2497 manu!

150 2539 200 2600 Sic
214 2540 278 2613 flos,
294 2544 343 2620 qui
358 2543 444 2602 viridi
458 2541 525 2602 cium
539 2543 612 2602 sorte
625 2544 737 2624 legatur
749 2547 781 2603 in
793 2545 888 2616 horto,

192 2645 270 2706 Vere
284 2668 362 2707 novo
376 2647 491 2722 florens,
506 2651 636 2730 perditur
649 2662 715 2710 ante
730 2651 814 2709 diem.

151 2755 240 2814 Adde
255 2755 333 2833 quod
346 2757 500 2836 imperium
514 2770 568 2832 est,
583 2771 613 2820 et
626 2779 702 2819 vana
715 2758 844 2838 potentia
856 2759 940 2820 terris
949 2780 962 2832 ς

193 2863 296 2923 Virtus
310 2877 417 2926 oetema
430 2868 461 2924 in
475 2869 570 2928 secula
583 2868 644 2928 sola
657 2879 753 2927 manet
757 2889 770 2940 ,·

153 2972 198 3033 Ut
212 2991 324 3050 semper
339 2971 454 3034 srondes
469 2996 586 3035 servans
601 2977 752 3036 Parnassia
765 2976 873 3048 lauruS,

197 3078 307 3140 Omnia
321 3101 386 3160 quae
398 3085 509 3146 brumae
523 3083 640 3154 flamina
652 3084 725 3145 ferre
739 3095 843 3164 potest.

771 3224 811 3286 H.
828 3224 972 3287 Gouuou.
