2344 3996
405 335 534 390 ·ll

80 489 115 562 0Ι
126 499 280 561 fortunati!
296 499 399 577 quibus
412 509 457 557 est
470 497 550 557 focus
562 499 629 577 igne
642 501 779 576 relucens,

123 609 291 684 Felicesque
304 607 406 684 magis,
422 605 502 682 queis
516 605 601 665 datur
614 607 680 685 igne
693 605 769 681 frui,-

82 717 143 778 Ter
157 726 258 793 quater
271 724 316 774 est
328 711 396 770 felix
410 731 462 769 sua
475 711 525 789 qui
537 713 614 771 bona
626 713 731 792 gaudet
745 735 832 795 egeno

123 825 248 905 Largiri‚
262 835 292 883 et
304 823 416 882 miseris
430 821 528 880 lumen
541 823 640 882 adesse
650 825 731 884 viris.

83 937 227 996 Divinam
241 934 380 994 advitam
393 931 466 990 mihi
479 934 642 1010 pervenisse
656 934 801 1008 videntur,

125 1043 197 1100 Non
210 1042 265 1100 sibi
279 1041 329 1118 qui
342 1041 457 1110 vivunt,
472 1051 517 1100 ast
530 1041 640 1100 homini
654 1054 739 1120 atque
753 1043 827 1106 Deo.

88 1150 186 1223 Quam
198 1146 262 1208 rard
275 1159 411 1227 reputant
424 1148 529 1208 tumidi
537 1149 668 1227 ⁴lautique
682 1154 805 1230 superbi,
849 1131 852 1137 s

127 1257 188 1331 Qui
202 1258 298 1335 pravis
313 1257 413 1334 opibus
427 1257 596 1337 luxuriique
610 1258 724 1332 fluunt;

84 1365 169 1438 Quot
182 1365 283 1444 rigidae
295 1364 349 1424 hoc
363 1364 436 1424 duro
449 1345 636 1425 succumban't
649 1378 777 1446 tempore
791 1371 886 1445 morti,

128 1472 267 1550 Pauperie
281 1473 418 1550 oppressi,
434 1471 630 1552 flebilibusque
643 1475 743 1534 malis:

85 1581 172 1655 Quot
185 1579 284 1638 miseri
297 1599 375 1637 saevo
389 1580 572 1658 languescant
586 1601 696 1640 carcere
710 1582 809 1654 clausi,

129 1687 212 1760 Quot
225 1687 344 1746 videant
357 1686 447 1750 dulcis
461 1689 586 1748 culmina
599 1661 678 1748 nulla
691 1690 814 1748 domus!
855 1757 858 1764 ,

630 1825 680 1884 Jo.
695 1825 870 1885 Ciuessnn.

490 2137 547 2195 111.

87 2317 133 2404 P
134 2361 285 2412 uicum
299 2356 409 2404 naturae
422 2343 524 2404 faciem
537 2364 613 2404 nunc
625 2347 717 2426 gratia
730 2347 844 2425 linquit,

130 2455 172 2514 Et
185 2455 292 2534 tegitur
304 2455 376 2513 cani
390 2473 506 2532 campus
520 2455 625 2532 ubique
639 2457 714 2514 nive.

92 2565 212 2637 Horret,
233 2565 399 2624 concutiens
414 2567 467 2622 sub
481 2575 568 2622 vento
581 2565 696 2622 brachia
709 2567 787 2624 nuda

133 2674 237 2744 Arbor,
259 2673 385 2732 deciduis
394 2675 457 2752 jam
472 2672 589 2730 viduata
601 2672 699 2730 comis

90 2780 179 2838 Nunc
192 2761 280 2837 nullae
293 2781 324 2836 in
339 2780 429 2857 sylvis
443 2778 553 2837 choreae
567 2779 710 2836 ducuntur
723 2783 853 2852 amoenis,

132 2887 196 2945 Nec
209 2887 286 2946 canit
299 2897 425 2966 agrestes
438 2886 533 2945 fistula
545 2897 626 2964 grato
639 2887 740 2945 modos
750 2909 760 2958 ,-

86 2996 192 3072 Atque
206 2993 277 3053 viris
292 2996 361 3073 ipsis
375 3006 469 3073 torpet
478 2997 541 3072 jam
554 2995 585 3051 in
599 3014 715 3072 corpore
729 2998 844 3076 sanguis

133 3101 282 3180 Frigidus,
302 3114 333 3174 et
345 3103 444 3162 laetum
458 3103 534 3182 cogit
546 3101 624 3159 adire
638 3100 742 3162 iocum.
852 3125 855 3136 ¹

88 3212 180 3275 Felix
194 3213 243 3290 qui
257 3214 332 3291 potis
346 3225 391 3274 est
402 3213 537 3292 hyemem
551 3233 627 3272 nuno
639 3215 743 3291 pellere
758 3215 868 3287 duram,

132 3321 180 3382 'Et
192 3321 272 3402 largo
285 3323 413 3404 gaudens
427 3323 492 3403 igne
505 3321 603 3384 fovere
617 3321 725 3383 Lares:
