<?xml version="1.0" encoding="UTF-8"?>
<!DOCTYPE html PUBLIC "-//W3C//DTD XHTML 1.0 Transitional//EN"
    "http://www.w3.org/TR/xhtml1/DTD/xhtml1-transitional.dtd">
<html xmlns="http://www.w3.org/1999/xhtml" xml:lang="en" lang="en">
 <head>
  <title>
</title>
<meta http-equiv="Content-Type" content="text/html;charset=utf-8" />
  <meta name='ocr-system' content='tesseract 3.04.00' />
  <meta name='ocr-capabilities' content='ocr_page ocr_carea ocr_par ocr_line ocrx_word'/>
</head>
<body>
  <div class='ocr_page' id='page_1' title='image "./extentaminibusm00schgoog_0033.png"; bbox 0 0 2344 3996; ppageno 0'>
   <div class='ocr_carea' id='block_1_1' title="bbox 583 269 606 324">
    <p class='ocr_par' dir='ltr' id='par_1_1' title="bbox 583 269 606 324">
     <span class='ocr_line' id='line_1_1' title="bbox 583 269 606 324; baseline 0 0"><span class='ocrx_word' id='word_1_1' title='bbox 583 269 606 324; x_wconf 75' lang='grc'>6</span> 
     </span>
    </p>
   </div>
   <div class='ocr_carea' id='block_1_2' title="bbox 172 435 971 2150">
    <p class='ocr_par' dir='ltr' id='par_1_2' title="bbox 172 435 971 2150">
     <span class='ocr_line' id='line_1_2' title="bbox 173 435 923 516; baseline -0.008 -16"><span class='ocrx_word' id='word_1_2' title='bbox 173 439 309 500; x_wconf 75' lang='lat' dir='ltr'><strong>Pervenit</strong></span> <span class='ocrx_word' id='word_1_3' title='bbox 321 435 474 498; x_wconf 58' lang='lat' dir='ltr'><strong>&amp;mida</strong></span> <span class='ocrx_word' id='word_1_4' title='bbox 486 447 615 516; x_wconf 72' lang='lat' dir='ltr'><strong>optaram</strong></span> <span class='ocrx_word' id='word_1_5' title='bbox 628 435 666 495; x_wconf 90' lang='lat' dir='ltr'><strong>arl</strong></span> <span class='ocrx_word' id='word_1_6' title='bbox 679 435 825 496; x_wconf 81' lang='lat' dir='ltr'><strong>Colclridir</strong></span> <span class='ocrx_word' id='word_1_7' title='bbox 841 455 923 495; x_wconf 78' lang='lat' dir='ltr'><strong>oram</strong></span> 
     </span>
     <span class='ocr_line' id='line_1_3' title="bbox 212 546 964 626; baseline -0.004 -19"><span class='ocrx_word' id='word_1_8' title='bbox 212 547 355 619; x_wconf 80' lang='lat' dir='ltr'><strong>Tandem,</strong></span> <span class='ocrx_word' id='word_1_9' title='bbox 375 559 461 625; x_wconf 75' lang='lat' dir='ltr'><strong>atque</strong></span> <span class='ocrx_word' id='word_1_10' title='bbox 474 547 636 626; x_wconf 75' lang='lat' dir='ltr'><strong>impavidus</strong></span> <span class='ocrx_word' id='word_1_11' title='bbox 655 547 748 604; x_wconf 82' lang='lat' dir='ltr'><strong>mirlta</strong></span> <span class='ocrx_word' id='word_1_12' title='bbox 760 546 865 623; x_wconf 77' lang='lat' dir='ltr'><strong>pericla</strong></span> <span class='ocrx_word' id='word_1_13' title='bbox 877 547 964 604; x_wconf 74' lang='lat' dir='ltr'><strong>subit.</strong></span> 
     </span>
     <span class='ocr_line' id='line_1_4' title="bbox 174 654 824 734; baseline -0.005 -18"><span class='ocrx_word' id='word_1_14' title='bbox 174 655 217 716; x_wconf 91' lang='lat' dir='ltr'><strong>Ut</strong></span> <span class='ocrx_word' id='word_1_15' title='bbox 231 655 310 714; x_wconf 79' lang='lat' dir='ltr'><strong>videt</strong></span> <span class='ocrx_word' id='word_1_16' title='bbox 323 654 425 726; x_wconf 77' lang='lat' dir='ltr'><strong>AEaetir,</strong></span> <span class='ocrx_word' id='word_1_17' title='bbox 446 667 597 734; x_wconf 76' lang='lat' dir='ltr'><strong>torquetur</strong></span> <span class='ocrx_word' id='word_1_18' title='bbox 606 666 705 734; x_wconf 74' lang='lat' dir='ltr'><strong>pecora</strong></span> <span class='ocrx_word' id='word_1_19' title='bbox 718 674 824 724; x_wconf 73' lang='lat' dir='ltr'><strong>amora,</strong></span> 
     </span>
     <span class='ocr_line' id='line_1_5' title="bbox 213 764 771 842; baseline -0.004 -18"><span class='ocrx_word' id='word_1_20' title='bbox 213 764 345 842; x_wconf 82' lang='lat' dir='ltr'><strong>Adjuvat</strong></span> <span class='ocrx_word' id='word_1_21' title='bbox 357 764 388 823; x_wconf 88' lang='lat' dir='ltr'><strong>in</strong></span> <span class='ocrx_word' id='word_1_22' title='bbox 401 764 488 834; x_wconf 84' lang='lat' dir='ltr'><strong>coria,</strong></span> <span class='ocrx_word' id='word_1_23' title='bbox 508 765 670 842; x_wconf 78' lang='lat' dir='ltr'><strong>auxilioque</strong></span> <span class='ocrx_word' id='word_1_24' title='bbox 683 765 771 823; x_wconf 77' lang='lat' dir='ltr'><strong>levat.</strong></span> 
     </span>
     <span class='ocr_line' id='line_1_6' title="bbox 173 872 904 954; baseline -0.003 -20"><span class='ocrx_word' id='word_1_25' title='bbox 173 872 272 954; x_wconf 73' lang='lat' dir='ltr'><strong>Hujus</strong></span> <span class='ocrx_word' id='word_1_26' title='bbox 285 894 348 954; x_wconf 80' lang='lat' dir='ltr'><strong>opo,</strong></span> <span class='ocrx_word' id='word_1_27' title='bbox 368 874 506 953; x_wconf 69' lang='lat' dir='ltr'><strong>aeripedes</strong></span> <span class='ocrx_word' id='word_1_28' title='bbox 519 875 660 952; x_wconf 73' lang='lat' dir='ltr'><strong>spirantes</strong></span> <span class='ocrx_word' id='word_1_29' title='bbox 672 874 789 932; x_wconf 74' lang='lat' dir='ltr'><strong>naribus</strong></span> <span class='ocrx_word' id='word_1_30' title='bbox 807 874 904 953; x_wconf 79' lang='lat' dir='ltr'><strong>ignem</strong></span> 
     </span>
     <span class='ocr_line' id='line_1_7' title="bbox 213 983 798 1064; baseline 0.003 -22"><span class='ocrx_word' id='word_1_31' title='bbox 213 983 325 1044; x_wconf 78' lang='lat' dir='ltr'><strong>Tauros</strong></span> <span class='ocrx_word' id='word_1_32' title='bbox 345 985 489 1064; x_wconf 80' lang='lat' dir='ltr'><strong>compellit</strong></span> <span class='ocrx_word' id='word_1_33' title='bbox 502 986 624 1044; x_wconf 75' lang='lat' dir='ltr'>subdere</span> <span class='ocrx_word' id='word_1_34' title='bbox 636 985 709 1043; x_wconf 89' lang='lat' dir='ltr'><strong>colla</strong></span> <span class='ocrx_word' id='word_1_35' title='bbox 715 988 798 1064; x_wconf 79' lang='lat' dir='ltr'><strong>jugo.</strong></span> 
     </span>
     <span class='ocr_line' id='line_1_8' title="bbox 173 1090 792 1170; baseline -0.005 -18"><span class='ocrx_word' id='word_1_36' title='bbox 173 1090 282 1152; x_wconf 82' lang='lat' dir='ltr'><strong>Herbir</strong></span> <span class='ocrx_word' id='word_1_37' title='bbox 295 1112 462 1152; x_wconf 76' lang='lat' dir='ltr'><strong>exsomnem</strong></span> <span class='ocrx_word' id='word_1_38' title='bbox 476 1094 598 1152; x_wconf 75' lang='lat' dir='ltr'><strong>oenmtia</strong></span> <span class='ocrx_word' id='word_1_39' title='bbox 610 1093 662 1150; x_wconf 91' lang='lat' dir='ltr'><strong>illa</strong></span> <span class='ocrx_word' id='word_1_40' title='bbox 676 1103 792 1170; x_wconf 84' lang='lat' dir='ltr'><strong>soporat</strong></span> 
     </span>
     <span class='ocr_line' id='line_1_9' title="bbox 212 1199 818 1278; baseline 0 -20"><span class='ocrx_word' id='word_1_41' title='bbox 212 1199 368 1278; x_wconf 67' lang='lat' dir='ltr'><strong>Anguem</strong></span> <span class='ocrx_word' id='word_1_42' title='bbox 389 1202 430 1260; x_wconf 80' lang='lat' dir='ltr'><strong>ric</strong></span> <span class='ocrx_word' id='word_1_43' title='bbox 444 1201 538 1260; x_wconf 85' lang='lat' dir='ltr'><strong>victus</strong></span> <span class='ocrx_word' id='word_1_44' title='bbox 552 1201 659 1259; x_wconf 81' lang='lat' dir='ltr'><strong>decidit</strong></span> <span class='ocrx_word' id='word_1_45' title='bbox 671 1219 740 1258; x_wconf 80' lang='lat' dir='ltr'><strong>anae</strong></span> <span class='ocrx_word' id='word_1_46' title='bbox 753 1200 818 1258; x_wconf 82' lang='lat' dir='ltr'><strong>viri.</strong></span> 
     </span>
     <span class='ocr_line' id='line_1_10' title="bbox 174 1307 872 1388; baseline 0 -22"><span class='ocrx_word' id='word_1_47' title='bbox 174 1307 308 1368; x_wconf 80' lang='lat' dir='ltr'><strong>Protinus</strong></span> <span class='ocrx_word' id='word_1_48' title='bbox 322 1310 425 1368; x_wconf 86' lang='lat' dir='ltr'><strong>armati</strong></span> <span class='ocrx_word' id='word_1_49' title='bbox 439 1309 545 1368; x_wconf 79' lang='lat' dir='ltr'><strong>saliunt</strong></span> <span class='ocrx_word' id='word_1_50' title='bbox 564 1309 600 1368; x_wconf 87' lang='lat' dir='ltr'><strong>de</strong></span> <span class='ocrx_word' id='word_1_51' title='bbox 614 1310 748 1368; x_wconf 69' lang='lat' dir='ltr'><strong>dentibus</strong></span> <span class='ocrx_word' id='word_1_52' title='bbox 761 1309 872 1388; x_wconf 72' lang='lat' dir='ltr'><strong>anguiis,</strong></span> 
     </span>
     <span class='ocr_line' id='line_1_11' title="bbox 210 1417 971 1498; baseline -0.003 -20"><span class='ocrx_word' id='word_1_53' title='bbox 210 1417 272 1492; x_wconf 83' lang='lat' dir='ltr'><strong>Qui</strong></span> <span class='ocrx_word' id='word_1_54' title='bbox 286 1429 407 1478; x_wconf 76' lang='lat' dir='ltr'><strong>mortem</strong></span> <span class='ocrx_word' id='word_1_55' title='bbox 421 1421 576 1490; x_wconf 75' lang='lat' dir='ltr'><strong>intentant,</strong></span> <span class='ocrx_word' id='word_1_56' title='bbox 596 1421 773 1498; x_wconf 81' lang='lat' dir='ltr'><strong>exitiumque</strong></span> <span class='ocrx_word' id='word_1_57' title='bbox 789 1419 864 1477; x_wconf 85' lang='lat' dir='ltr'><strong>duci.</strong></span> <span class='ocrx_word' id='word_1_58' title='bbox 966 1477 971 1488; x_wconf 66' lang='grc'><strong>,</strong></span> 
     </span>
     <span class='ocr_line' id='line_1_12' title="bbox 172 1527 863 1606; baseline 0 -20"><span class='ocrx_word' id='word_1_59' title='bbox 172 1527 215 1586; x_wconf 75' lang='lat' dir='ltr'><strong>At</strong></span> <span class='ocrx_word' id='word_1_60' title='bbox 222 1529 308 1606; x_wconf 80' lang='lat' dir='ltr'><strong>jubet</strong></span> <span class='ocrx_word' id='word_1_61' title='bbox 322 1528 352 1584; x_wconf 91' lang='lat' dir='ltr'><strong>in</strong></span> <span class='ocrx_word' id='word_1_62' title='bbox 365 1527 476 1588; x_wconf 79' lang='lat' dir='ltr'><strong>medior</strong></span> <span class='ocrx_word' id='word_1_63' title='bbox 490 1527 593 1586; x_wconf 88' lang='lat' dir='ltr'><strong>mulier</strong></span> <span class='ocrx_word' id='word_1_64' title='bbox 600 1529 710 1606; x_wconf 84' lang='lat' dir='ltr'><strong>jactare</strong></span> <span class='ocrx_word' id='word_1_65' title='bbox 723 1528 863 1606; x_wconf 79' lang='lat' dir='ltr'>lapillum,</span> 
     </span>
     <span class='ocr_line' id='line_1_13' title="bbox 212 1633 937 1708; baseline -0.003 -14"><span class='ocrx_word' id='word_1_66' title='bbox 212 1634 302 1708; x_wconf 79' lang='lat' dir='ltr'><strong>Quod</strong></span> <span class='ocrx_word' id='word_1_67' title='bbox 315 1635 400 1694; x_wconf 79' lang='lat' dir='ltr'><strong>simul</strong></span> <span class='ocrx_word' id='word_1_68' title='bbox 414 1655 447 1694; x_wconf 86' lang='lat' dir='ltr'><strong>ac</strong></span> <span class='ocrx_word' id='word_1_69' title='bbox 459 1633 576 1706; x_wconf 79' lang='lat' dir='ltr'><strong>iactum,</strong></span> <span class='ocrx_word' id='word_1_70' title='bbox 591 1637 637 1695; x_wconf 86' lang='lat' dir='ltr'><strong>vir</strong></span> <span class='ocrx_word' id='word_1_71' title='bbox 650 1647 727 1695; x_wconf 80' lang='lat' dir='ltr'><strong>cocat</strong></span> <span class='ocrx_word' id='word_1_72' title='bbox 739 1655 807 1696; x_wconf 87' lang='lat' dir='ltr'><strong>ense</strong></span> <span class='ocrx_word' id='word_1_73' title='bbox 821 1637 915 1694; x_wconf 89' lang='lat' dir='ltr'><strong>virum</strong></span> <span class='ocrx_word' id='word_1_74' title='bbox 926 1658 937 1705; x_wconf 78' lang='lat'>3</span> 
     </span>
     <span class='ocr_line' id='line_1_14' title="bbox 172 1743 931 1826; baseline 0 -22"><span class='ocrx_word' id='word_1_75' title='bbox 172 1743 302 1824; x_wconf 79' lang='lat' dir='ltr'><strong>Occupat</strong></span> <span class='ocrx_word' id='word_1_76' title='bbox 316 1745 465 1826; x_wconf 72' lang='lat' dir='ltr'><strong>ingentium</strong></span> <span class='ocrx_word' id='word_1_77' title='bbox 479 1758 548 1806; x_wconf 86' lang='lat' dir='ltr'><strong>tunc</strong></span> <span class='ocrx_word' id='word_1_78' title='bbox 561 1747 679 1826; x_wconf 85' lang='lat' dir='ltr'><strong>praemia</strong></span> <span class='ocrx_word' id='word_1_79' title='bbox 692 1747 779 1826; x_wconf 82' lang='lat' dir='ltr'><strong>digna</strong></span> <span class='ocrx_word' id='word_1_80' title='bbox 791 1747 931 1818; x_wconf 86' lang='lat' dir='ltr'><strong>laborum,</strong></span> 
     </span>
     <span class='ocr_line' id='line_1_15' title="bbox 212 1853 745 1936; baseline -0.002 -22"><span class='ocrx_word' id='word_1_81' title='bbox 212 1855 294 1914; x_wconf 82' lang='lat' dir='ltr'><strong>Auro</strong></span> <span class='ocrx_word' id='word_1_82' title='bbox 308 1853 444 1936; x_wconf 82' lang='lat' dir='ltr'><strong>fulgentis</strong></span> <span class='ocrx_word' id='word_1_83' title='bbox 457 1857 552 1916; x_wconf 85' lang='lat' dir='ltr'><strong>nobile</strong></span> <span class='ocrx_word' id='word_1_84' title='bbox 565 1857 658 1915; x_wconf 84' lang='lat' dir='ltr'>vellus</span> <span class='ocrx_word' id='word_1_85' title='bbox 671 1857 745 1926; x_wconf 85' lang='lat' dir='ltr'><strong>ovis,</strong></span> 
     </span>
     <span class='ocr_line' id='line_1_16' title="bbox 176 1962 921 2042; baseline 0.005 -24"><span class='ocrx_word' id='word_1_86' title='bbox 176 1962 213 2020; x_wconf 77' lang='lat' dir='ltr'><strong>lit</strong></span> <span class='ocrx_word' id='word_1_87' title='bbox 227 1962 301 2022; x_wconf 85' lang='lat' dir='ltr'><strong>redit</strong></span> <span class='ocrx_word' id='word_1_88' title='bbox 313 1963 350 2022; x_wconf 83' lang='lat' dir='ltr'><strong>arl</strong></span> <span class='ocrx_word' id='word_1_89' title='bbox 365 1965 486 2042; x_wconf 85' lang='lat' dir='ltr'><strong>patriam</strong></span> <span class='ocrx_word' id='word_1_90' title='bbox 500 1965 583 2022; x_wconf 86' lang='lat' dir='ltr'><strong>aociia</strong></span> <span class='ocrx_word' id='word_1_91' title='bbox 597 1964 799 2022; x_wconf 76' lang='lat' dir='ltr'><strong>comitantibus</strong></span> <span class='ocrx_word' id='word_1_92' title='bbox 812 1966 921 2034; x_wconf 88' lang='lat' dir='ltr'><strong>urbem,</strong></span> 
     </span>
     <span class='ocr_line' id='line_1_17' title="bbox 215 2069 837 2150; baseline 0.01 -26"><span class='ocrx_word' id='word_1_93' title='bbox 215 2069 274 2126; x_wconf 84' lang='lat' dir='ltr'><strong>Nec</strong></span> <span class='ocrx_word' id='word_1_94' title='bbox 287 2070 389 2130; x_wconf 68' lang='lat' dir='ltr'><strong>cantus</strong></span> <span class='ocrx_word' id='word_1_95' title='bbox 403 2071 505 2150; x_wconf 81' lang='lat' dir='ltr'><strong>magici</strong></span> <span class='ocrx_word' id='word_1_96' title='bbox 518 2070 620 2130; x_wconf 87' lang='lat' dir='ltr'><strong>callida</strong></span> <span class='ocrx_word' id='word_1_97' title='bbox 634 2071 735 2129; x_wconf 84' lang='lat' dir='ltr'><strong>Phasis</strong></span> <span class='ocrx_word' id='word_1_98' title='bbox 748 2073 837 2130; x_wconf 81' lang='lat' dir='ltr'><strong>abest</strong></span> 
     </span>
    </p>
   </div>
   <div class='ocr_carea' id='block_1_3' title="bbox 745 2205 982 2267">
    <p class='ocr_par' dir='ltr' id='par_1_3' title="bbox 745 2205 982 2267">
     <span class='ocr_line' id='line_1_18' title="bbox 745 2205 982 2267; baseline 0 -2"><span class='ocrx_word' id='word_1_99' title='bbox 745 2205 765 2265; x_wconf 89' lang='lat' dir='ltr'>J</span> <span class='ocrx_word' id='word_1_100' title='bbox 767 2227 793 2265; x_wconf 91' lang='lat' dir='ltr'><strong>o.</strong></span> <span class='ocrx_word' id='word_1_101' title='bbox 808 2207 982 2267; x_wconf 76' lang='lat' dir='ltr'><strong>Cauarum.</strong></span> 
     </span>
    </p>
   </div>
   <div class='ocr_carea' id='block_1_4' title="bbox 577 2421 617 2482">
    <p class='ocr_par' dir='ltr' id='par_1_4' title="bbox 577 2421 617 2482">
     <span class='ocr_line' id='line_1_19' title="bbox 577 2421 617 2482; baseline 0 0"><span class='ocrx_word' id='word_1_102' title='bbox 577 2421 617 2482; x_wconf 85' lang='grc' dir='ltr'><strong>ΙΙ.</strong></span> 
     </span>
    </p>
   </div>
   <div class='ocr_carea' id='block_1_5' title="bbox 175 2595 984 2708">
    <p class='ocr_par' dir='ltr' id='par_1_5' title="bbox 175 2595 984 2708">
     <span class='ocr_line' id='line_1_20' title="bbox 175 2595 984 2708; baseline -0.005 -18"><span class='ocrx_word' id='word_1_103' title='bbox 175 2595 272 2690; x_wconf 80' lang='lat' dir='ltr'><strong>Quia</strong></span> <span class='ocrx_word' id='word_1_104' title='bbox 286 2627 463 2706; x_wconf 86' lang='lat' dir='ltr'><strong>primamque</strong></span> <span class='ocrx_word' id='word_1_105' title='bbox 477 2636 567 2687; x_wconf 81' lang='lat' dir='ltr'><strong>ratem</strong></span> <span class='ocrx_word' id='word_1_106' title='bbox 582 2645 639 2684; x_wconf 90' lang='lat' dir='ltr'><strong>non</strong></span> <span class='ocrx_word' id='word_1_107' title='bbox 654 2626 741 2697; x_wconf 72' lang='lat' dir='ltr'><strong>norit,</strong></span> <span class='ocrx_word' id='word_1_108' title='bbox 755 2637 784 2686; x_wconf 84' lang='lat' dir='ltr'><strong>et</strong></span> <span class='ocrx_word' id='word_1_109' title='bbox 798 2647 883 2686; x_wconf 87' lang='lat' dir='ltr'><strong>aurea</strong></span> <span class='ocrx_word' id='word_1_110' title='bbox 895 2639 984 2708; x_wconf 85' lang='lat' dir='ltr'><strong>terga,</strong></span> 
     </span>
    </p>
   </div>
   <div class='ocr_carea' id='block_1_6' title="bbox 173 2733 920 3246">
    <p class='ocr_par' dir='ltr' id='par_1_6' title="bbox 174 2733 895 2920">
     <span class='ocr_line' id='line_1_21' title="bbox 213 2733 895 2814; baseline 0.001 -22"><span class='ocrx_word' id='word_1_111' title='bbox 213 2733 311 2812; x_wconf 75' lang='lat' dir='ltr'><strong>Atque</strong></span> <span class='ocrx_word' id='word_1_112' title='bbox 325 2735 422 2814; x_wconf 81' lang='lat' dir='ltr'><strong>Argla</strong></span> <span class='ocrx_word' id='word_1_113' title='bbox 436 2745 537 2794; x_wconf 79' lang='lat' dir='ltr'><strong>nautas</strong></span> <span class='ocrx_word' id='word_1_114' title='bbox 551 2733 758 2811; x_wconf 83' lang='lat' dir='ltr'><strong>AEsoniumque</strong></span> <span class='ocrx_word' id='word_1_115' title='bbox 772 2735 895 2793; x_wconf 84' lang='lat' dir='ltr'><strong>ducem?</strong></span> 
     </span>
     <span class='ocr_line' id='line_1_22' title="bbox 174 2839 774 2920; baseline 0 -20"><span class='ocrx_word' id='word_1_116' title='bbox 174 2839 285 2902; x_wconf 86' lang='lat' dir='ltr'><strong>Peliaco</strong></span> <span class='ocrx_word' id='word_1_117' title='bbox 300 2839 389 2902; x_wconf 71' lang='lat' dir='ltr'><strong>Pinus</strong></span> <span class='ocrx_word' id='word_1_118' title='bbox 404 2861 488 2920; x_wconf 83' lang='lat' dir='ltr'><strong>super</strong></span> <span class='ocrx_word' id='word_1_119' title='bbox 502 2842 559 2900; x_wconf 86' lang='lat' dir='ltr'><strong>alto</strong></span> <span class='ocrx_word' id='word_1_120' title='bbox 572 2843 678 2902; x_wconf 81' lang='lat' dir='ltr'><strong>vertice</strong></span> <span class='ocrx_word' id='word_1_121' title='bbox 692 2863 774 2914; x_wconf 87' lang='lat' dir='ltr'><strong>caesa,</strong></span> 
     </span>
    </p>

    <p class='ocr_par' dir='ltr' id='par_1_7' title="bbox 173 2948 920 3135">
     <span class='ocr_line' id='line_1_23' title="bbox 212 2948 802 3008; baseline -0.003 0"><span class='ocrx_word' id='word_1_122' title='bbox 212 2948 322 3008; x_wconf 77' lang='lat' dir='ltr'><strong>Divina</strong></span> <span class='ocrx_word' id='word_1_123' title='bbox 336 2959 443 3008; x_wconf 79' lang='lat' dir='ltr'><strong>structa</strong></span> <span class='ocrx_word' id='word_1_124' title='bbox 456 2961 500 3008; x_wconf 81' lang='lat' dir='ltr'><strong>eat</strong></span> <span class='ocrx_word' id='word_1_125' title='bbox 514 2949 637 3008; x_wconf 85' lang='lat' dir='ltr'><strong>Palladis</strong></span> <span class='ocrx_word' id='word_1_126' title='bbox 651 2961 711 3008; x_wconf 85' lang='lat' dir='ltr'><strong>arte</strong></span> <span class='ocrx_word' id='word_1_127' title='bbox 725 2951 802 3008; x_wconf 85' lang='lat' dir='ltr'><strong>ratis.</strong></span> 
     </span>
     <span class='ocr_line' id='line_1_24' title="bbox 173 3055 920 3135; baseline 0 -19"><span class='ocrx_word' id='word_1_128' title='bbox 173 3057 311 3116; x_wconf 80' lang='lat' dir='ltr'><strong>Certatim</strong></span> <span class='ocrx_word' id='word_1_129' title='bbox 325 3055 424 3118; x_wconf 82' lang='lat' dir='ltr'><strong>heroes</strong></span> <span class='ocrx_word' id='word_1_130' title='bbox 439 3067 591 3135; x_wconf 80' lang='lat' dir='ltr'><strong>properant</strong></span> <span class='ocrx_word' id='word_1_131' title='bbox 604 3057 792 3117; x_wconf 85' lang='lat' dir='ltr'><strong>conscendere</strong></span> <span class='ocrx_word' id='word_1_132' title='bbox 805 3075 920 3130; x_wconf 87' lang='lat' dir='ltr'><strong>navem,</strong></span> 
     </span>
    </p>

    <p class='ocr_par' dir='ltr' id='par_1_8' title="bbox 213 3163 831 3246">
     <span class='ocr_line' id='line_1_25' title="bbox 213 3163 831 3246; baseline -0.006 -20"><span class='ocrx_word' id='word_1_133' title='bbox 213 3163 254 3226; x_wconf 77' lang='lat' dir='ltr'><strong>m</strong></span> <span class='ocrx_word' id='word_1_134' title='bbox 267 3165 375 3244; x_wconf 84' lang='lat' dir='ltr'><strong>apernit</strong></span> <span class='ocrx_word' id='word_1_135' title='bbox 389 3165 512 3246; x_wconf 84' lang='lat' dir='ltr'><strong>patrium</strong></span> <span class='ocrx_word' id='word_1_136' title='bbox 527 3167 601 3244; x_wconf 80' lang='lat' dir='ltr'><strong>picta</strong></span> <span class='ocrx_word' id='word_1_137' title='bbox 614 3167 709 3226; x_wconf 87' lang='lat' dir='ltr'><strong>carina</strong></span> <span class='ocrx_word' id='word_1_138' title='bbox 721 3183 831 3226; x_wconf 86' lang='lat' dir='ltr'><strong>nemus.</strong></span> 
     </span>
    </p>
   </div>
   <div class='ocr_carea' id='block_1_7' title="bbox 0 0 1176 3996">
    <p class='ocr_par' dir='ltr' id='par_1_9' title="bbox 0 0 1176 3996">
     <span class='ocr_line' id='line_1_26' title="bbox 0 0 1176 3996; baseline 0 0"><span class='ocrx_word' id='word_1_139' title='bbox 0 0 1176 3996; x_wconf 95' lang='lat' dir='ltr'><strong> </strong></span> 
     </span>
    </p>
   </div>
  </div>
 </body>
</html>
