2344 3996
491 343 533 406 47

101 510 168 574 Sunt
178 514 208 574 in
221 533 333 580 secono
344 516 402 578 luci
416 517 522 596 palatia
534 537 648 600 magna,

135 618 243 685 vertice
256 643 321 703 quae
334 645 449 686 summo
463 627 557 687 sidera
569 629 645 688 celsa
657 639 769 707 petunt.

99 729 154 793 Hic
165 736 249 813 ooepit
261 747 348 795 cantu
361 746 474 795 veteres
487 749 601 796 mutare
613 737 730 816 figuras,

134 839 306 902 Cunctorum
320 861 393 920 quos
406 841 463 904 huc
476 843 598 901 numina
609 845 685 904 laevn
696 845 803 906 ferunt.
835 921 840 932 ἱ

100 945 152 1008 llic
163 952 291 1012 animum
304 954 452 1012 incautum
466 952 589 1030 impellit
600 945 757 1016 furibunda
769 957 913 1038 voluptas,

134 1055 189 1116 Hic
201 1072 303 1140 regnat
315 1062 411 1132 luxus,
431 1061 627 1139 perniciesque
639 1063 721 1124 latet.

104 1161 160 1240 Ipso
172 1167 251 1228 sedet
266 1169 349 1228 Circe
362 1169 436 1228 lecto
450 1169 591 1248 pictisque
604 1171 720 1248 tapetis,

134 1273 222 1354 Inque
235 1299 326 1338 manu
337 1279 450 1358 virgam
463 1289 494 1338 ct
505 1281 608 1358 pocula
620 1281 684 1341 dira
697 1293 788 1354 tenet,

99 1381 259 1448 Ambrosias
274 1387 379 1448 diffusa
390 1408 497 1460 comus,
511 1399 542 1448 et
554 1389 662 1450 vertice
675 1391 779 1452 odores

133 1489 258 1571 Spirans,
274 1495 367 1574 adque
381 1496 455 1578 irnos
468 1507 550 1556 veste
564 1497 672 1558 fluente
685 1499 782 1576 pedes.

98 1595 286 1660 Circumstant
294 1602 441 1681 nymphae,
451 1603 532 1681 queis
539 1624 599 1662 non
605 1605 686 1663 labor
694 1606 797 1664 anxius
808 1625 948 1685 unquam,

133 1709 198 1772 Non
212 1733 343 1790 unquam
356 1714 445 1772 lassat
458 1713 584 1792 pendula
596 1715 655 1772 tela
667 1734 780 1774 manus.

99 1814 204 1879 Herbos
218 1831 268 1914 qst
280 1819 383 1878 harum
397 1820 542 1880 cumulare
555 1831 601 1880 est
613 1819 734 1880 falcibus
747 1822 840 1892 areis,

134 1928 279 2009 Cauleque
292 1949 456 2008 compresso
470 1941 546 1990 tetra
558 1949 671 1989 venena
684 1929 760 1988 dare.
849 1944 852 1952 ’

99 2034 166 2096 Haee
179 2038 245 2098 Dea
258 2039 457 2107 commiscens,
479 2050 509 2097 et
522 2037 585 2096 dira
598 2039 628 2097 in
643 2039 743 2117 pocula
756 2039 862 2110 colans,

134 2149 323 2210 Transmutat
337 2149 443 2206 multos
457 2149 488 2206 in
502 2168 579 2208 nova
592 2167 721 2210 monstra
731 2151 819 2210 viros.

97 2253 148 2313 Per
160 2271 294 2336 pontum,
315 2257 410 2316 excisi
425 2256 525 2336 Troji,
547 2256 617 2315 dum
630 2270 731 2317 cautus
746 2259 868 2337 Ulysses

134 2363 229 2442 Vertit
244 2367 301 2424 iter
315 2375 391 2422 retro
405 2363 442 2422 ad
455 2364 554 2422 littora
567 2385 632 2422 cara
646 2367 720 2436 sibi3

100 2473 237 2534 Adversis
252 2474 348 2532 uentis
363 2473 534 2551 Polyphemi
547 2471 703 2550 adnavigat
716 2493 805 2543 oram,
905 2547 906 2550 Ἴ

134 2581 175 2640 Et
190 2583 302 2641 Siculas
315 2593 416 2651 terras,
437 2579 622 2657 AEoliumque
636 2580 738 2638 solum.

51 2671 54 2683 ¹
99 2687 233 2748 Proxima
247 2691 364 2748 Circaeae
377 2687 518 2746 raduntur
531 2688 630 2745 littora
642 2698 736 2757 terrae,

135 2799 237 2876 Atque
249 2809 330 2856 tenet
342 2785 445 2856 curvas
459 2795 583 2854 anchora
591 2797 670 2874 jacta
682 2806 765 2853 rates.

97 2907 201 2965 Cuncti
215 2917 400 2985 exponuntur
405 2927 415 2976 ;
435 2905 588 2981 tristesque
602 2904 639 2962 ad
652 2904 782 2982 proxima
794 2915 869 2964 tecta

135 3013 275 3074 Vadunt:
297 3014 444 3092 excipiunt
458 3013 536 3092 regia
549 3023 626 3070 tecta
639 3012 722 3070 dean·

96 3123 121 3181 'l'
124 3145 175 3183 um
189 3126 271 3184 victu
285 3137 421 3184 revocant
435 3124 521 3194 vires,
543 3121 573 3181 et
587 3123 688 3200 pocula
699 3123 791 3183 libant
799 3147 809 3194 ‚·

136 3232 196 3293 Sed
211 3233 288 3294 dulci
302 3233 332 3292 in
349 3243 420 3312 potu
433 3233 528 3292 toxica
542 3231 605 3291 dira
616 3231 716 3292 latent.
