2344 3996
527 334 569 394 23

96 502 188 566 Nulli
201 503 389 564 circumstant
401 501 492 581 pueri,
505 499 663 583 linguaque
675 505 797 586 loquaci,

108 623 110 626 ’
143 611 291 671 Enarrant
303 613 390 690 longo
403 611 527 690 plurima
539 611 614 672 facta
627 612 682 672 die.

97 719 226 797 Semper
238 721 319 780 abest
332 718 450 778 flammi
464 719 569 780 solanti
582 719 792 800 lucidusignis‚

143 827 262 887 Desunt
275 828 425 886 convictus
439 827 533 886 dulcia
546 831 675 888 membra
688 831 742 888 sui.

101 934 199 998 Crura
212 947 318 994 sonant
330 933 405 994 ferro
418 937 545 1030 morderi
559 936 664 1015 pallide
676 939 789 1008 morbo,

147 1043 190 1102 Et
201 1045 410 1104 nutrimentum
425 1058 469 1105 est
482 1047 602 1124 parvula
615 1047 788 1106 crustecibi.

106 1161 130 1191 ‘²
144 1153 249 1227 Patria,
263 1155 358 1216 felices
368 1157 394 1214 !'’
414 1158 519 1234 inquit,
535 1166 555 1194 “
570 1159 673 1236 quibus
687 1160 784 1218 extitit
796 1158 881 1229 alma,

146 1271 168 1300 “
182 1263 224 1322 Et
236 1276 357 1342 possunt
370 1275 484 1342 patrum
499 1267 548 1343 qui
563 1267 706 1343 requitsse
721 1268 790 1327 solo.

58 1439 64 1450 ¹
99 1377 125 1408 “
145 1373 240 1432 Anne
253 1373 304 1432 sed
317 1375 432 1452 injustae
446 1393 538 1433 ceusae
551 1376 681 1434 victricis
692 1374 776 1448 facts,

144 1488 168 1516 “
189 1481 326 1560 Conjugis
340 1502 358 1538 a
371 1503 437 1541 caro
450 1484 611 1561 corripuere
626 1485 700 1544 sinu.

101 1599 124 1628 “
146 1590 177 1651 0
192 1591 258 1650 Dea
271 1591 414 1662 Libertas,
429 1593 542 1653 Divum
556 1605 585 1652 te
599 1597 690 1653 carior
703 1598 775 1655 alter

145 1706 168 1734 “
191 1699 271 1758 Arva
282 1701 432 1758 beatorum
445 1721 505 1760 non
518 1704 683 1762 veneranda
695 1705 782 1762 colit!

100 1816 123 1843 “
145 1807 274 1883 Auspice
286 1818 316 1867 te
331 1807 406 1868 subii
418 1827 501 1868 casus
515 1809 667 1885 variosque
681 1809 801 1878 labores,

144 1921 167 1948 “
188 1913 225 1972 In
239 1925 269 1974 te
281 1915 326 1974 bis
340 1917 486 1992 quondam
500 1927 600 1994 terque
613 1919 714 1976 beatus
728 1935 816 1976 eram.
897 1971 898 1975 ,
934 1946 940 1962 =

104 2032 127 2059 ‘⁶
151 2021 211 2082 Sed
223 2033 257 2082 tu
267 2021 378 2102 fugisti,
393 2025 551 2102 dilectaque
565 2025 644 2084 nulla
657 2037 769 2104 reperta
780 2036 825 2086 est

145 2132 169 2167 “
189 2131 351 2192 Tristitiam
365 2134 470 2210 poterit
484 2153 548 2211 quae
561 2136 688 2196 relevare
701 2153 807 2206 meam„

13 2241 19 2252 ”
99 2249 122 2277 “
140 2239 193 2309 Ni,
209 2238 289 2318 Spes,
304 2223 512 2302 omnebonum
525 2247 666 2320 praebens,
680 2257 715 2306 tu
729 2255 812 2325 gruta
825 2249 963 2317 manebis,

147 2347 281 2426 “Atque
295 2360 378 2410 tuum
393 2351 491 2412 mittes
503 2352 535 2410 in
549 2372 614 2412 mee
626 2354 712 2414 corda
721 2355 835 2432 juber.”

673 2487 753 2548 Gur.
768 2487 923 2549 Mrnzrns.

521 2767 562 2828 11.

101 2963 178 3064 Tu,
193 2993 269 3052 bona
282 2992 364 3072 Spes,
379 2993 483 3064 dicem,
497 2993 604 3052 mentis
618 3004 652 3053 tu
665 2993 770 3053 blanda
783 2994 907 3054 dolentis
997 3067 999 3076 X

44 3115 45 3118 ’
148 3103 257 3174 Altrix,
272 3123 338 3181 quoe
350 3123 428 3164 curae
441 3103 569 3182 pondera
582 3115 664 3163 tanta
676 3105 765 3166 levas.

108 3211 200 3272 Musa
213 3213 300 3284 canit,
315 3233 407 3291 quum,
419 3223 488 3272 aetes
503 3213 626 3274 surrexit
639 3213 730 3274 ferree
743 3214 852 3274 mundo

153 3319 258 3399 impio,
273 3331 303 3382 et
316 3320 442 3382 infandis
457 3333 502 3382 tot
515 3322 590 3382 mala
603 3332 672 3381 nata
685 3323 776 3391 viris‚·
