2344 3996
524 351 566 410 51

113 517 198 576 Nunc
212 515 304 594 magis
316 525 347 572 et
360 515 456 606 vepris
469 524 616 590 pontoque
627 515 757 578 timenda
770 519 908 600 Voluptas

153 627 305 686 Illecebras
319 636 418 702 turpes
431 622 572 683 insidiosa
584 628 678 686 sumt.

113 735 179 796 Sole
193 744 263 794 satae
276 732 374 792 Circes
386 731 519 790 tentmse
529 732 656 810 pericula
666 733 766 808 fertur,

152 840 288 900 Verterat
301 839 350 900 illa
363 837 438 898 dolis
450 839 482 897 in
495 857 575 898 nova
585 854 716 904 monstra
727 845 823 906 viros..

114 950 249 1026 Namque
262 947 384 1026 procelli
398 958 480 1006 actus
493 947 567 1018 dua,
582 951 730 1030 multoque
743 953 843 1012 labore

154 1056 262 1146 Fessus
275 1055 313 1114 sd
323 1054 413 1114 AEaeae
426 1055 524 1116 littora
537 1057 632 1116 tendit
645 1058 716 1119 iter:

116 1163 191 1222 Filia
204 1165 342 1243 regnabat
355 1161 441 1222 fallax
455 1163 608 1224 Perseidos
621 1165 689 1238 illic,

155 1273 221 1332 Hos
235 1273 425 1332 adventantes
439 1284 469 1332 et
484 1273 549 1334 Dea
562 1274 629 1333 laeta
643 1275 738 1336 videt„

114 1380 223 1460 Surgit,
237 1392 267 1439 et
280 1382 411 1440 exultans
426 1383 506 1460 regni
519 1381 636 1442 festinat
650 1385 686 1442 ad
701 1381 774 1454 oras,

155 1489 296 1567 Atriaque
311 1489 439 1548 invitans
454 1491 533 1550 ducit
545 1491 582 1550 ad
597 1493 655 1550 alta
668 1495 755 1552 viam.

113 1595 274 1655 Ductorem
288 1597 386 1674 sylvas
400 1616 450 1674 per
464 1617 591 1657 amoenas
606 1598 672 1656 inde
687 1611 841 1674 sequentes·

157 1702 250 1774 Graii,
264 1703 419 1762 laudabant
432 1704 547 1782 hospita
559 1707 645 1764 corda
659 1705 741 1774 Deae,
835 1755 842 1766 .

114 1813 194 1872 Altis
208 1811 275 1872 cirin
290 1812 386 1872 subitd
401 1815 477 1874 caelis
492 1815 623 1894 Cyllenia
637 1815 730 1891 proles

155 1897 323 1992 Descendit,
339 1923 434 1981 verbis
449 1923 660 2000 alloquiturque
675 1924 789 1980 virum:

114 2043 137 2070 “
152 2033 220 2106 Quo
236 2054 322 2103 nunc,
337 2032 451 2092 AEolide
465 2031 574 2102 infelix,
589 2033 682 2090 malus
697 2034 816 2091 abstulit
828 2038 927 2093 errori

157 2149 178 2176 '‘
192 2141 304 2214 Quisve
318 2141 371 2198 tibi
385 2140 440 2198 hoc
454 2141 596 2219 magicum
610 2142 700 2218 suasit
715 2141 787 2198 inire
801 2146 927 2200 nemus?

114 2260 136 2288 ‘¹
151 2250 238 2310 Heu!
259 2270 328 2309 cave
343 2250 459 2308 delicias
473 2251 584 2322 molles,
600 2252 758 2328 Circenquo
772 2251 901 2310 dolosam
908 2274 917 2321 ;

157 2367 178 2395 “
192 2356 339 2436 Praecipub
354 2355 425 2416 verb
439 2360 540 2436 pocula
555 2359 618 2418 dira
630 2360 716 2418 cavo!

114 2475 138 2504 “
150 2467 258 2544 Accipe
274 2465 324 2524 sed
337 2464 418 2544 gratb
433 2464 561 2535 herbam,
576 2476 605 2522 te
618 2483 734 2542 servare
747 2464 891 2524 valentem

156 2583 179 2612 “
193 2573 337 2632 Miserunt
351 2573 412 2636 divi
427 2591 513 2648 quam
526 2571 600 2642 tibi3
622 2570 706 2648 Moly
721 2582 835 2628 vocant.

115 2692 138 2720 “
152 2684 211 2754 Sic,
226 2681 318 2740 fidens
332 2681 452 2760 superis,
468 2679 565 2737 vinces
579 2678 744 2736 discrimina
757 2688 869 2748 cuneta,
974 2669 976 2676 l

158 2800 180 2828 “
193 2792 292 2869 Atque
305 2790 395 2848 redux
409 2790 486 2847 vises
501 2788 593 2866 patria
606 2807 694 2866 regna
706 2787 816 2845 brevi.‘'

116 2901 194 2979 Haec
208 2901 256 2958 ubi
270 2899 347 2958 dicta
360 2898 449 2966 dedit,
465 2897 579 2974 paribus
594 2915 624 2955 se
638 2895 755 2954 sustulit
769 2895 832 2966 alis,

158 3007 304 3066 Caelorum
318 3007 355 3064 ad
370 3005 451 3064 sedes
466 3003 660 3080 aethereasque
674 3003 757 3062 redit.

112 3117 243 3193 Jamque
257 3116 486 3194 propinquabant
500 3111 655 3192 reginae'ad
670 3124 745 3172 tecta
759 3115 894 3193 superba,

160 3227 291 3306 Apparet
305 3226 388 3286 vastb
402 3223 517 3284 condita
530 3221 605 3282 mole
620 3222 732 3282 domus.
